%YAML 1.1
%TAG !u! tag:unity3d.com,2011:
--- !u!1 &127943414042627522
GameObject:
  m_ObjectHideFlags: 0
  m_CorrespondingSourceObject: {fileID: 0}
  m_PrefabInstance: {fileID: 0}
  m_PrefabAsset: {fileID: 0}
  serializedVersion: 6
  m_Component:
  - component: {fileID: 2555246831848474301}
  - component: {fileID: 4064670793874744543}
  m_Layer: 0
  m_Name: StoryLineObject
  m_TagString: Untagged
  m_Icon: {fileID: 0}
  m_NavMeshLayer: 0
  m_StaticEditorFlags: 0
  m_IsActive: 1
--- !u!4 &2555246831848474301
Transform:
  m_ObjectHideFlags: 0
  m_CorrespondingSourceObject: {fileID: 0}
  m_PrefabInstance: {fileID: 0}
  m_PrefabAsset: {fileID: 0}
  m_GameObject: {fileID: 127943414042627522}
  m_LocalRotation: {x: 0, y: 0, z: 0, w: 1}
  m_LocalPosition: {x: 0, y: 0, z: 0}
  m_LocalScale: {x: 1, y: 1, z: 1}
  m_Children: []
  m_Father: {fileID: 1124699693152659703}
  m_RootOrder: 0
  m_LocalEulerAnglesHint: {x: 0, y: 0, z: 0}
--- !u!114 &4064670793874744543
MonoBehaviour:
  m_ObjectHideFlags: 0
  m_CorrespondingSourceObject: {fileID: 0}
  m_PrefabInstance: {fileID: 0}
  m_PrefabAsset: {fileID: 0}
  m_GameObject: {fileID: 127943414042627522}
  m_Enabled: 1
  m_EditorHideFlags: 0
  m_Script: {fileID: 11500000, guid: 3e92578cb29fffb4db869246a8ddd57d, type: 3}
  m_Name: 
  m_EditorClassIdentifier: 
  StoryLineID: LastPrompt_01
  StoryLineType: 6
  Duration: 2
  ENG: 
  JP: 
  CH: "\u6642\u9593\u4E0D\u591A\u4E86! \u5FEB\u601D\u8003!"
  NextLineID: 
  AutoFinish: 1
--- !u!1 &212200863529741712
GameObject:
  m_ObjectHideFlags: 0
  m_CorrespondingSourceObject: {fileID: 0}
  m_PrefabInstance: {fileID: 0}
  m_PrefabAsset: {fileID: 0}
  serializedVersion: 6
  m_Component:
  - component: {fileID: 6861980625206606828}
  - component: {fileID: 4101964908401260025}
  m_Layer: 0
  m_Name: StoryLineObject (2)-1
  m_TagString: Untagged
  m_Icon: {fileID: 0}
  m_NavMeshLayer: 0
  m_StaticEditorFlags: 0
  m_IsActive: 1
--- !u!4 &6861980625206606828
Transform:
  m_ObjectHideFlags: 0
  m_CorrespondingSourceObject: {fileID: 0}
  m_PrefabInstance: {fileID: 0}
  m_PrefabAsset: {fileID: 0}
  m_GameObject: {fileID: 212200863529741712}
  m_LocalRotation: {x: 0, y: 0, z: 0, w: 1}
  m_LocalPosition: {x: 0, y: 0, z: 0}
  m_LocalScale: {x: 1, y: 1, z: 1}
  m_Children: []
  m_Father: {fileID: 273422402940756621}
  m_RootOrder: 2
  m_LocalEulerAnglesHint: {x: 0, y: 0, z: 0}
--- !u!114 &4101964908401260025
MonoBehaviour:
  m_ObjectHideFlags: 0
  m_CorrespondingSourceObject: {fileID: 0}
  m_PrefabInstance: {fileID: 0}
  m_PrefabAsset: {fileID: 0}
  m_GameObject: {fileID: 212200863529741712}
  m_Enabled: 1
  m_EditorHideFlags: 0
  m_Script: {fileID: 11500000, guid: 3e92578cb29fffb4db869246a8ddd57d, type: 3}
  m_Name: 
  m_EditorClassIdentifier: 
  StoryLineID: StartLine_03-1
  StoryLineType: 0
  Duration: 2
  ENG: 
  JP: 
  CH: "\u597D\u5427...\u90A3\u5C31\u518D\u898B\u62C9\u3002"
  NextLineID: 
  AutoFinish: 0
--- !u!1 &430655270197688237
GameObject:
  m_ObjectHideFlags: 0
  m_CorrespondingSourceObject: {fileID: 0}
  m_PrefabInstance: {fileID: 0}
  m_PrefabAsset: {fileID: 0}
  serializedVersion: 6
  m_Component:
  - component: {fileID: 7301816612754633986}
  - component: {fileID: 4405064554372305}
  m_Layer: 0
  m_Name: StoryLineObject (3)
  m_TagString: Untagged
  m_Icon: {fileID: 0}
  m_NavMeshLayer: 0
  m_StaticEditorFlags: 0
  m_IsActive: 1
--- !u!4 &7301816612754633986
Transform:
  m_ObjectHideFlags: 0
  m_CorrespondingSourceObject: {fileID: 0}
  m_PrefabInstance: {fileID: 0}
  m_PrefabAsset: {fileID: 0}
  m_GameObject: {fileID: 430655270197688237}
  m_LocalRotation: {x: 0, y: 0, z: 0, w: 1}
  m_LocalPosition: {x: 0, y: 0, z: 0}
  m_LocalScale: {x: 1, y: 1, z: 1}
  m_Children: []
  m_Father: {fileID: 3852194255806603658}
  m_RootOrder: 3
  m_LocalEulerAnglesHint: {x: 0, y: 0, z: 0}
--- !u!114 &4405064554372305
MonoBehaviour:
  m_ObjectHideFlags: 0
  m_CorrespondingSourceObject: {fileID: 0}
  m_PrefabInstance: {fileID: 0}
  m_PrefabAsset: {fileID: 0}
  m_GameObject: {fileID: 430655270197688237}
  m_Enabled: 1
  m_EditorHideFlags: 0
  m_Script: {fileID: 11500000, guid: 3e92578cb29fffb4db869246a8ddd57d, type: 3}
  m_Name: 
  m_EditorClassIdentifier: 
  StoryLineID: GoodEnd_04
  StoryLineType: 7
  Duration: 2
  ENG: 
  JP: 
  CH: "\u4F60\u5011\u61C2\u4E86\u3002"
  NextLineID: 
  AutoFinish: 1
--- !u!1 &545705772497081660
GameObject:
  m_ObjectHideFlags: 0
  m_CorrespondingSourceObject: {fileID: 0}
  m_PrefabInstance: {fileID: 0}
  m_PrefabAsset: {fileID: 0}
  serializedVersion: 6
  m_Component:
  - component: {fileID: 766177440998969492}
  - component: {fileID: 3444581979406255551}
  m_Layer: 0
  m_Name: StoryLineObject (5)
  m_TagString: Untagged
  m_Icon: {fileID: 0}
  m_NavMeshLayer: 0
  m_StaticEditorFlags: 0
  m_IsActive: 1
--- !u!4 &766177440998969492
Transform:
  m_ObjectHideFlags: 0
  m_CorrespondingSourceObject: {fileID: 0}
  m_PrefabInstance: {fileID: 0}
  m_PrefabAsset: {fileID: 0}
  m_GameObject: {fileID: 545705772497081660}
  m_LocalRotation: {x: 0, y: 0, z: 0, w: 1}
  m_LocalPosition: {x: 0, y: 0, z: 0}
  m_LocalScale: {x: 1, y: 1, z: 1}
  m_Children: []
  m_Father: {fileID: 5989953405694045645}
  m_RootOrder: 5
  m_LocalEulerAnglesHint: {x: 0, y: 0, z: 0}
--- !u!114 &3444581979406255551
MonoBehaviour:
  m_ObjectHideFlags: 0
  m_CorrespondingSourceObject: {fileID: 0}
  m_PrefabInstance: {fileID: 0}
  m_PrefabAsset: {fileID: 0}
  m_GameObject: {fileID: 545705772497081660}
  m_Enabled: 1
  m_EditorHideFlags: 0
  m_Script: {fileID: 11500000, guid: 3e92578cb29fffb4db869246a8ddd57d, type: 3}
  m_Name: 
  m_EditorClassIdentifier: 
  StoryLineID: GameStartLine_06
  StoryLineType: 3
  Duration: 2
  ENG: 
  JP: 
  CH: "\u597D! \u6309\u4E0BO\u53EF\u4EE5\u653B\u64CA\uFF0C\u9019\u53EF\u4EE5\u5E6B\u4F60\u5011\u591A\u722D\u53D6\u4E00\u4E9B\u6642\u9593\uFF0C"
  NextLineID: GameStartLine_07
  AutoFinish: 1
--- !u!1 &782640441867551221
GameObject:
  m_ObjectHideFlags: 0
  m_CorrespondingSourceObject: {fileID: 0}
  m_PrefabInstance: {fileID: 0}
  m_PrefabAsset: {fileID: 0}
  serializedVersion: 6
  m_Component:
  - component: {fileID: 1782198032775065406}
  - component: {fileID: 9167882308643584793}
  m_Layer: 0
  m_Name: StoryLineObject (6)
  m_TagString: Untagged
  m_Icon: {fileID: 0}
  m_NavMeshLayer: 0
  m_StaticEditorFlags: 0
  m_IsActive: 1
--- !u!4 &1782198032775065406
Transform:
  m_ObjectHideFlags: 0
  m_CorrespondingSourceObject: {fileID: 0}
  m_PrefabInstance: {fileID: 0}
  m_PrefabAsset: {fileID: 0}
  m_GameObject: {fileID: 782640441867551221}
  m_LocalRotation: {x: 0, y: 0, z: 0, w: 1}
  m_LocalPosition: {x: 0, y: 0, z: 0}
  m_LocalScale: {x: 1, y: 1, z: 1}
  m_Children: []
  m_Father: {fileID: 273422402940756621}
  m_RootOrder: 8
  m_LocalEulerAnglesHint: {x: 0, y: 0, z: 0}
--- !u!114 &9167882308643584793
MonoBehaviour:
  m_ObjectHideFlags: 0
  m_CorrespondingSourceObject: {fileID: 0}
  m_PrefabInstance: {fileID: 0}
  m_PrefabAsset: {fileID: 0}
  m_GameObject: {fileID: 782640441867551221}
  m_Enabled: 1
  m_EditorHideFlags: 0
  m_Script: {fileID: 11500000, guid: 3e92578cb29fffb4db869246a8ddd57d, type: 3}
  m_Name: 
  m_EditorClassIdentifier: 
  StoryLineID: StartLine_07
  StoryLineType: 0
  Duration: 2
  ENG: 
  JP: 
  CH: "\u6211\u60F3\u4F86\u8AAA\u4E00\u500B\uFF0C\u95DC\u65BC\u5C0D\u6211\u4F86\u8AAA\u751A\u9EBC\u662F\"\u5BB6\"\u7684\u6545\u4E8B\u3002"
  NextLineID: StartLine_08
  AutoFinish: 0
--- !u!1 &849556266241868163
GameObject:
  m_ObjectHideFlags: 0
  m_CorrespondingSourceObject: {fileID: 0}
  m_PrefabInstance: {fileID: 0}
  m_PrefabAsset: {fileID: 0}
  serializedVersion: 6
  m_Component:
  - component: {fileID: 3169626502465482064}
  - component: {fileID: 7843366356878420452}
  m_Layer: 0
  m_Name: StoryLineObject (2)
  m_TagString: Untagged
  m_Icon: {fileID: 0}
  m_NavMeshLayer: 0
  m_StaticEditorFlags: 0
  m_IsActive: 1
--- !u!4 &3169626502465482064
Transform:
  m_ObjectHideFlags: 0
  m_CorrespondingSourceObject: {fileID: 0}
  m_PrefabInstance: {fileID: 0}
  m_PrefabAsset: {fileID: 0}
  m_GameObject: {fileID: 849556266241868163}
  m_LocalRotation: {x: 0, y: 0, z: 0, w: 1}
  m_LocalPosition: {x: 0, y: 0, z: 0}
  m_LocalScale: {x: 1, y: 1, z: 1}
  m_Children: []
  m_Father: {fileID: 3852194255806603658}
  m_RootOrder: 2
  m_LocalEulerAnglesHint: {x: 0, y: 0, z: 0}
--- !u!114 &7843366356878420452
MonoBehaviour:
  m_ObjectHideFlags: 0
  m_CorrespondingSourceObject: {fileID: 0}
  m_PrefabInstance: {fileID: 0}
  m_PrefabAsset: {fileID: 0}
  m_GameObject: {fileID: 849556266241868163}
  m_Enabled: 1
  m_EditorHideFlags: 0
  m_Script: {fileID: 11500000, guid: 3e92578cb29fffb4db869246a8ddd57d, type: 3}
  m_Name: 
  m_EditorClassIdentifier: 
  StoryLineID: GoodEnd_03
  StoryLineType: 7
  Duration: 2
  ENG: 
  JP: 
  CH: "\u6069..."
  NextLineID: GoodEnd_04
  AutoFinish: 1
--- !u!1 &910604705089837473
GameObject:
  m_ObjectHideFlags: 0
  m_CorrespondingSourceObject: {fileID: 0}
  m_PrefabInstance: {fileID: 0}
  m_PrefabAsset: {fileID: 0}
  serializedVersion: 6
  m_Component:
  - component: {fileID: 349634120759514028}
  - component: {fileID: 8501788437058929733}
  m_Layer: 0
  m_Name: StoryLineObject
  m_TagString: Untagged
  m_Icon: {fileID: 0}
  m_NavMeshLayer: 0
  m_StaticEditorFlags: 0
  m_IsActive: 1
--- !u!4 &349634120759514028
Transform:
  m_ObjectHideFlags: 0
  m_CorrespondingSourceObject: {fileID: 0}
  m_PrefabInstance: {fileID: 0}
  m_PrefabAsset: {fileID: 0}
  m_GameObject: {fileID: 910604705089837473}
  m_LocalRotation: {x: 0, y: 0, z: 0, w: 1}
  m_LocalPosition: {x: 0, y: 0, z: 0}
  m_LocalScale: {x: 1, y: 1, z: 1}
  m_Children: []
  m_Father: {fileID: 6167994647445934198}
  m_RootOrder: 0
  m_LocalEulerAnglesHint: {x: 0, y: 0, z: 0}
--- !u!114 &8501788437058929733
MonoBehaviour:
  m_ObjectHideFlags: 0
  m_CorrespondingSourceObject: {fileID: 0}
  m_PrefabInstance: {fileID: 0}
  m_PrefabAsset: {fileID: 0}
  m_GameObject: {fileID: 910604705089837473}
  m_Enabled: 1
  m_EditorHideFlags: 0
  m_Script: {fileID: 11500000, guid: 3e92578cb29fffb4db869246a8ddd57d, type: 3}
  m_Name: 
  m_EditorClassIdentifier: 
  StoryLineID: GoodPointPrompt_01
  StoryLineType: 7
  Duration: 2
  ENG: 
  JP: 
  CH: "\u6211\u597D\u50CF\u770B\u5230\u4E86\u4E9B\u751A\u9EBC\u3002"
  NextLineID: 
  AutoFinish: 1
--- !u!1 &1098466586935337430
GameObject:
  m_ObjectHideFlags: 0
  m_CorrespondingSourceObject: {fileID: 0}
  m_PrefabInstance: {fileID: 0}
  m_PrefabAsset: {fileID: 0}
  serializedVersion: 6
  m_Component:
  - component: {fileID: 273422402940756621}
  m_Layer: 0
  m_Name: StartLine
  m_TagString: Untagged
  m_Icon: {fileID: 0}
  m_NavMeshLayer: 0
  m_StaticEditorFlags: 0
  m_IsActive: 1
--- !u!4 &273422402940756621
Transform:
  m_ObjectHideFlags: 0
  m_CorrespondingSourceObject: {fileID: 0}
  m_PrefabInstance: {fileID: 0}
  m_PrefabAsset: {fileID: 0}
  m_GameObject: {fileID: 1098466586935337430}
  m_LocalRotation: {x: 0, y: 0, z: 0, w: 1}
  m_LocalPosition: {x: 0, y: 0, z: 0}
  m_LocalScale: {x: 1, y: 1, z: 1}
  m_Children:
  - {fileID: 1231704617305146103}
  - {fileID: 8925945753421713015}
  - {fileID: 6861980625206606828}
  - {fileID: 6502165439763551111}
  - {fileID: 6465182851873469544}
  - {fileID: 4592696767261791016}
  - {fileID: 7679379212963162159}
  - {fileID: 6634273683894706968}
  - {fileID: 1782198032775065406}
  - {fileID: 1074649784866463678}
  - {fileID: 8532524868286227765}
  - {fileID: 7741318067755004427}
  - {fileID: 452921096458215984}
  - {fileID: 31560683958918427}
  - {fileID: 4751030398362942718}
  - {fileID: 16939264001040667}
  - {fileID: 5301944857568347179}
  - {fileID: 2198019320261561473}
  - {fileID: 6651959460174365038}
  m_Father: {fileID: 6173386176288875950}
  m_RootOrder: 0
  m_LocalEulerAnglesHint: {x: 0, y: 0, z: 0}
--- !u!1 &1727188115698681268
GameObject:
  m_ObjectHideFlags: 0
  m_CorrespondingSourceObject: {fileID: 0}
  m_PrefabInstance: {fileID: 0}
  m_PrefabAsset: {fileID: 0}
  serializedVersion: 6
  m_Component:
  - component: {fileID: 7679379212963162159}
  - component: {fileID: 5962140755268413995}
  m_Layer: 0
  m_Name: StoryLineObject (4)
  m_TagString: Untagged
  m_Icon: {fileID: 0}
  m_NavMeshLayer: 0
  m_StaticEditorFlags: 0
  m_IsActive: 1
--- !u!4 &7679379212963162159
Transform:
  m_ObjectHideFlags: 0
  m_CorrespondingSourceObject: {fileID: 0}
  m_PrefabInstance: {fileID: 0}
  m_PrefabAsset: {fileID: 0}
  m_GameObject: {fileID: 1727188115698681268}
  m_LocalRotation: {x: 0, y: 0, z: 0, w: 1}
  m_LocalPosition: {x: 0, y: 0, z: 0}
  m_LocalScale: {x: 1, y: 1, z: 1}
  m_Children: []
  m_Father: {fileID: 273422402940756621}
  m_RootOrder: 6
  m_LocalEulerAnglesHint: {x: 0, y: 0, z: 0}
--- !u!114 &5962140755268413995
MonoBehaviour:
  m_ObjectHideFlags: 0
  m_CorrespondingSourceObject: {fileID: 0}
  m_PrefabInstance: {fileID: 0}
  m_PrefabAsset: {fileID: 0}
  m_GameObject: {fileID: 1727188115698681268}
  m_Enabled: 1
  m_EditorHideFlags: 0
  m_Script: {fileID: 11500000, guid: 3e92578cb29fffb4db869246a8ddd57d, type: 3}
  m_Name: 
  m_EditorClassIdentifier: 
  StoryLineID: StartLine_05
  StoryLineType: 0
  Duration: 2
  ENG: 
  JP: 
  CH: "(\u62B1\u6B49\u6211\u9084\u6C92\u6709\u4E00\u500B\u4EBA\u7684\u6545\u4E8B...\u54C8\u54C8)"
  NextLineID: StartLine_06
  AutoFinish: 0
--- !u!1 &1741412978505936132
GameObject:
  m_ObjectHideFlags: 0
  m_CorrespondingSourceObject: {fileID: 0}
  m_PrefabInstance: {fileID: 0}
  m_PrefabAsset: {fileID: 0}
  serializedVersion: 6
  m_Component:
  - component: {fileID: 1074649784866463678}
  - component: {fileID: 5864289789338686107}
  m_Layer: 0
  m_Name: StoryLineObject (7)
  m_TagString: Untagged
  m_Icon: {fileID: 0}
  m_NavMeshLayer: 0
  m_StaticEditorFlags: 0
  m_IsActive: 1
--- !u!4 &1074649784866463678
Transform:
  m_ObjectHideFlags: 0
  m_CorrespondingSourceObject: {fileID: 0}
  m_PrefabInstance: {fileID: 0}
  m_PrefabAsset: {fileID: 0}
  m_GameObject: {fileID: 1741412978505936132}
  m_LocalRotation: {x: 0, y: 0, z: 0, w: 1}
  m_LocalPosition: {x: 0, y: 0, z: 0}
  m_LocalScale: {x: 1, y: 1, z: 1}
  m_Children: []
  m_Father: {fileID: 273422402940756621}
  m_RootOrder: 9
  m_LocalEulerAnglesHint: {x: 0, y: 0, z: 0}
--- !u!114 &5864289789338686107
MonoBehaviour:
  m_ObjectHideFlags: 0
  m_CorrespondingSourceObject: {fileID: 0}
  m_PrefabInstance: {fileID: 0}
  m_PrefabAsset: {fileID: 0}
  m_GameObject: {fileID: 1741412978505936132}
  m_Enabled: 1
  m_EditorHideFlags: 0
  m_Script: {fileID: 11500000, guid: 3e92578cb29fffb4db869246a8ddd57d, type: 3}
  m_Name: 
  m_EditorClassIdentifier: 
  StoryLineID: StartLine_08
  StoryLineType: 0
  Duration: 2
  ENG: 
  JP: 
  CH: "\u9996\u5148\uFF0C\u8B93\u6211\u5011\u5148\u4F86\u4E00\u500B\u7238\u7238\u5427\uFF0C"
  NextLineID: StartLine_09
  AutoFinish: 0
--- !u!1 &1798628342506222857
GameObject:
  m_ObjectHideFlags: 0
  m_CorrespondingSourceObject: {fileID: 0}
  m_PrefabInstance: {fileID: 0}
  m_PrefabAsset: {fileID: 0}
  serializedVersion: 6
  m_Component:
  - component: {fileID: 684178439089924732}
  - component: {fileID: 8117406280620658977}
  m_Layer: 0
  m_Name: StoryLineObject (3)
  m_TagString: Untagged
  m_Icon: {fileID: 0}
  m_NavMeshLayer: 0
  m_StaticEditorFlags: 0
  m_IsActive: 1
--- !u!4 &684178439089924732
Transform:
  m_ObjectHideFlags: 0
  m_CorrespondingSourceObject: {fileID: 0}
  m_PrefabInstance: {fileID: 0}
  m_PrefabAsset: {fileID: 0}
  m_GameObject: {fileID: 1798628342506222857}
  m_LocalRotation: {x: 0, y: 0, z: 0, w: 1}
  m_LocalPosition: {x: 0, y: 0, z: 0}
  m_LocalScale: {x: 1, y: 1, z: 1}
  m_Children: []
  m_Father: {fileID: 5989953405694045645}
  m_RootOrder: 3
  m_LocalEulerAnglesHint: {x: 0, y: 0, z: 0}
--- !u!114 &8117406280620658977
MonoBehaviour:
  m_ObjectHideFlags: 0
  m_CorrespondingSourceObject: {fileID: 0}
  m_PrefabInstance: {fileID: 0}
  m_PrefabAsset: {fileID: 0}
  m_GameObject: {fileID: 1798628342506222857}
  m_Enabled: 1
  m_EditorHideFlags: 0
  m_Script: {fileID: 11500000, guid: 3e92578cb29fffb4db869246a8ddd57d, type: 3}
  m_Name: 
  m_EditorClassIdentifier: 
  StoryLineID: GameStartLine_04
  StoryLineType: 3
  Duration: 2
  ENG: 
  JP: 
  CH: "\u9019\u7A2E\u6642\u5F8C\u8AAA\u751A\u9EBC\"\u4EBA\u751F\u5C31\u662F\u9019\u6A23\u5566\"\u9084\u771F\u7684\u4E0D\u597D\u7B11\u554A\u3002"
  NextLineID: GameStartLine_05
  AutoFinish: 1
--- !u!1 &1957660123913173530
GameObject:
  m_ObjectHideFlags: 0
  m_CorrespondingSourceObject: {fileID: 0}
  m_PrefabInstance: {fileID: 0}
  m_PrefabAsset: {fileID: 0}
  serializedVersion: 6
  m_Component:
  - component: {fileID: 2116581536315581471}
  m_Layer: 0
  m_Name: MidPrompt
  m_TagString: Untagged
  m_Icon: {fileID: 0}
  m_NavMeshLayer: 0
  m_StaticEditorFlags: 0
  m_IsActive: 1
--- !u!4 &2116581536315581471
Transform:
  m_ObjectHideFlags: 0
  m_CorrespondingSourceObject: {fileID: 0}
  m_PrefabInstance: {fileID: 0}
  m_PrefabAsset: {fileID: 0}
  m_GameObject: {fileID: 1957660123913173530}
  m_LocalRotation: {x: 0, y: 0, z: 0, w: 1}
  m_LocalPosition: {x: 0, y: 0, z: 0}
  m_LocalScale: {x: 1, y: 1, z: 1}
  m_Children:
  - {fileID: 3585253597123913309}
  - {fileID: 4618478355976173381}
  - {fileID: 6952072441672182802}
  m_Father: {fileID: 6173386176288875950}
  m_RootOrder: 5
  m_LocalEulerAnglesHint: {x: 0, y: 0, z: 0}
--- !u!1 &1994400834522048124
GameObject:
  m_ObjectHideFlags: 0
  m_CorrespondingSourceObject: {fileID: 0}
  m_PrefabInstance: {fileID: 0}
  m_PrefabAsset: {fileID: 0}
  serializedVersion: 6
  m_Component:
  - component: {fileID: 1863019505190330089}
  - component: {fileID: 9179423870188489462}
  m_Layer: 0
  m_Name: StoryLineObject (2)
  m_TagString: Untagged
  m_Icon: {fileID: 0}
  m_NavMeshLayer: 0
  m_StaticEditorFlags: 0
  m_IsActive: 1
--- !u!4 &1863019505190330089
Transform:
  m_ObjectHideFlags: 0
  m_CorrespondingSourceObject: {fileID: 0}
  m_PrefabInstance: {fileID: 0}
  m_PrefabAsset: {fileID: 0}
  m_GameObject: {fileID: 1994400834522048124}
  m_LocalRotation: {x: 0, y: 0, z: 0, w: 1}
  m_LocalPosition: {x: 0, y: 0, z: 0}
  m_LocalScale: {x: 1, y: 1, z: 1}
  m_Children: []
  m_Father: {fileID: 4951274145015390158}
  m_RootOrder: 2
  m_LocalEulerAnglesHint: {x: 0, y: 0, z: 0}
--- !u!114 &9179423870188489462
MonoBehaviour:
  m_ObjectHideFlags: 0
  m_CorrespondingSourceObject: {fileID: 0}
  m_PrefabInstance: {fileID: 0}
  m_PrefabAsset: {fileID: 0}
  m_GameObject: {fileID: 1994400834522048124}
  m_Enabled: 1
  m_EditorHideFlags: 0
  m_Script: {fileID: 11500000, guid: 3e92578cb29fffb4db869246a8ddd57d, type: 3}
  m_Name: 
  m_EditorClassIdentifier: 
  StoryLineID: LoopStartLine_03
  StoryLineType: 1
  Duration: 2
  ENG: 
  JP: 
  CH: "\u563F! \u7B49\u7B49!!"
  NextLineID: LoopStartLine_04
  AutoFinish: 0
--- !u!1 &2007368135567138529
GameObject:
  m_ObjectHideFlags: 0
  m_CorrespondingSourceObject: {fileID: 0}
  m_PrefabInstance: {fileID: 0}
  m_PrefabAsset: {fileID: 0}
  serializedVersion: 6
  m_Component:
  - component: {fileID: 1397496114177157187}
  - component: {fileID: 273976989647079376}
  m_Layer: 0
  m_Name: StoryLineObject (2)
  m_TagString: Untagged
  m_Icon: {fileID: 0}
  m_NavMeshLayer: 0
  m_StaticEditorFlags: 0
  m_IsActive: 1
--- !u!4 &1397496114177157187
Transform:
  m_ObjectHideFlags: 0
  m_CorrespondingSourceObject: {fileID: 0}
  m_PrefabInstance: {fileID: 0}
  m_PrefabAsset: {fileID: 0}
  m_GameObject: {fileID: 2007368135567138529}
  m_LocalRotation: {x: 0, y: 0, z: 0, w: 1}
  m_LocalPosition: {x: 0, y: 0, z: 0}
  m_LocalScale: {x: 1, y: 1, z: 1}
  m_Children: []
  m_Father: {fileID: 3664981078542580993}
  m_RootOrder: 2
  m_LocalEulerAnglesHint: {x: 0, y: 0, z: 0}
--- !u!114 &273976989647079376
MonoBehaviour:
  m_ObjectHideFlags: 0
  m_CorrespondingSourceObject: {fileID: 0}
  m_PrefabInstance: {fileID: 0}
  m_PrefabAsset: {fileID: 0}
  m_GameObject: {fileID: 2007368135567138529}
  m_Enabled: 1
  m_EditorHideFlags: 0
  m_Script: {fileID: 11500000, guid: 3e92578cb29fffb4db869246a8ddd57d, type: 3}
  m_Name: 
  m_EditorClassIdentifier: 
  StoryLineID: BadEnd_03
  StoryLineType: 8
  Duration: 2
  ENG: 
  JP: 
  CH: "\u4F60\u77E5\u9053\uFF0C\u9019\u500B\u6545\u4E8B\u9700\u8981\u591A\u4EBA\u4E00\u8D77\uFF0C\u4E0D\u662F\u6C92\u6709\u539F\u56E0\u7684\u3002"
  NextLineID: 
  AutoFinish: 0
--- !u!1 &2149566189722334782
GameObject:
  m_ObjectHideFlags: 0
  m_CorrespondingSourceObject: {fileID: 0}
  m_PrefabInstance: {fileID: 0}
  m_PrefabAsset: {fileID: 0}
  serializedVersion: 6
  m_Component:
  - component: {fileID: 1510806091618101200}
  - component: {fileID: 347779379189038626}
  m_Layer: 0
  m_Name: StoryLineObject (1)
  m_TagString: Untagged
  m_Icon: {fileID: 0}
  m_NavMeshLayer: 0
  m_StaticEditorFlags: 0
  m_IsActive: 1
--- !u!4 &1510806091618101200
Transform:
  m_ObjectHideFlags: 0
  m_CorrespondingSourceObject: {fileID: 0}
  m_PrefabInstance: {fileID: 0}
  m_PrefabAsset: {fileID: 0}
  m_GameObject: {fileID: 2149566189722334782}
  m_LocalRotation: {x: 0, y: 0, z: 0, w: 1}
  m_LocalPosition: {x: 0, y: 0, z: 0}
  m_LocalScale: {x: 1, y: 1, z: 1}
  m_Children: []
  m_Father: {fileID: 4951274145015390158}
  m_RootOrder: 1
  m_LocalEulerAnglesHint: {x: 0, y: 0, z: 0}
--- !u!114 &347779379189038626
MonoBehaviour:
  m_ObjectHideFlags: 0
  m_CorrespondingSourceObject: {fileID: 0}
  m_PrefabInstance: {fileID: 0}
  m_PrefabAsset: {fileID: 0}
  m_GameObject: {fileID: 2149566189722334782}
  m_Enabled: 1
  m_EditorHideFlags: 0
  m_Script: {fileID: 11500000, guid: 3e92578cb29fffb4db869246a8ddd57d, type: 3}
  m_Name: 
  m_EditorClassIdentifier: 
  StoryLineID: LoopStartLine_02
  StoryLineType: 1
  Duration: 2
  ENG: 
  JP: 
  CH: "\u75FE..."
  NextLineID: LoopStartLine_03
  AutoFinish: 0
--- !u!1 &2274689182254097924
GameObject:
  m_ObjectHideFlags: 0
  m_CorrespondingSourceObject: {fileID: 0}
  m_PrefabInstance: {fileID: 0}
  m_PrefabAsset: {fileID: 0}
  serializedVersion: 6
  m_Component:
  - component: {fileID: 741931710694704035}
  - component: {fileID: 3027556743063032915}
  m_Layer: 0
  m_Name: StoryLineObject (4)
  m_TagString: Untagged
  m_Icon: {fileID: 0}
  m_NavMeshLayer: 0
  m_StaticEditorFlags: 0
  m_IsActive: 1
--- !u!4 &741931710694704035
Transform:
  m_ObjectHideFlags: 0
  m_CorrespondingSourceObject: {fileID: 0}
  m_PrefabInstance: {fileID: 0}
  m_PrefabAsset: {fileID: 0}
  m_GameObject: {fileID: 2274689182254097924}
  m_LocalRotation: {x: 0, y: 0, z: 0, w: 1}
  m_LocalPosition: {x: 0, y: 0, z: 0}
  m_LocalScale: {x: 1, y: 1, z: 1}
  m_Children: []
  m_Father: {fileID: 4951274145015390158}
  m_RootOrder: 4
  m_LocalEulerAnglesHint: {x: 0, y: 0, z: 0}
--- !u!114 &3027556743063032915
MonoBehaviour:
  m_ObjectHideFlags: 0
  m_CorrespondingSourceObject: {fileID: 0}
  m_PrefabInstance: {fileID: 0}
  m_PrefabAsset: {fileID: 0}
  m_GameObject: {fileID: 2274689182254097924}
  m_Enabled: 1
  m_EditorHideFlags: 0
  m_Script: {fileID: 11500000, guid: 3e92578cb29fffb4db869246a8ddd57d, type: 3}
  m_Name: 
  m_EditorClassIdentifier: 
  StoryLineID: LoopStartLine_05
  StoryLineType: 1
  Duration: 2
  ENG: 
  JP: 
  CH: "\u6211\u8AAA..."
  NextLineID: LoopStartLine_06
  AutoFinish: 0
--- !u!1 &2470361388831365470
GameObject:
  m_ObjectHideFlags: 0
  m_CorrespondingSourceObject: {fileID: 0}
  m_PrefabInstance: {fileID: 0}
  m_PrefabAsset: {fileID: 0}
  serializedVersion: 6
  m_Component:
  - component: {fileID: 5751063074806144765}
  - component: {fileID: 532130694799868695}
  m_Layer: 0
  m_Name: StoryLineObject
  m_TagString: Untagged
  m_Icon: {fileID: 0}
  m_NavMeshLayer: 0
  m_StaticEditorFlags: 0
  m_IsActive: 1
--- !u!4 &5751063074806144765
Transform:
  m_ObjectHideFlags: 0
  m_CorrespondingSourceObject: {fileID: 0}
  m_PrefabInstance: {fileID: 0}
  m_PrefabAsset: {fileID: 0}
  m_GameObject: {fileID: 2470361388831365470}
  m_LocalRotation: {x: 0, y: 0, z: 0, w: 1}
  m_LocalPosition: {x: 0, y: 0, z: 0}
  m_LocalScale: {x: 1, y: 1, z: 1}
  m_Children: []
  m_Father: {fileID: 4951274145015390158}
  m_RootOrder: 0
  m_LocalEulerAnglesHint: {x: 0, y: 0, z: 0}
--- !u!114 &532130694799868695
MonoBehaviour:
  m_ObjectHideFlags: 0
  m_CorrespondingSourceObject: {fileID: 0}
  m_PrefabInstance: {fileID: 0}
  m_PrefabAsset: {fileID: 0}
  m_GameObject: {fileID: 2470361388831365470}
  m_Enabled: 1
  m_EditorHideFlags: 0
  m_Script: {fileID: 11500000, guid: 3e92578cb29fffb4db869246a8ddd57d, type: 3}
  m_Name: 
  m_EditorClassIdentifier: 
  StoryLineID: LoopStartLine_01
  StoryLineType: 1
  Duration: 2
  ENG: 
  JP: 
  CH: "\u55DA..."
  NextLineID: LoopStartLine_02
  AutoFinish: 0
--- !u!1 &3072309679270120332
GameObject:
  m_ObjectHideFlags: 0
  m_CorrespondingSourceObject: {fileID: 0}
  m_PrefabInstance: {fileID: 0}
  m_PrefabAsset: {fileID: 0}
  serializedVersion: 6
  m_Component:
  - component: {fileID: 7741318067755004427}
  - component: {fileID: 4828805864410464542}
  m_Layer: 0
  m_Name: StoryLineObject (9)
  m_TagString: Untagged
  m_Icon: {fileID: 0}
  m_NavMeshLayer: 0
  m_StaticEditorFlags: 0
  m_IsActive: 1
--- !u!4 &7741318067755004427
Transform:
  m_ObjectHideFlags: 0
  m_CorrespondingSourceObject: {fileID: 0}
  m_PrefabInstance: {fileID: 0}
  m_PrefabAsset: {fileID: 0}
  m_GameObject: {fileID: 3072309679270120332}
  m_LocalRotation: {x: 0, y: 0, z: 0, w: 1}
  m_LocalPosition: {x: 0, y: 0, z: 0}
  m_LocalScale: {x: 1, y: 1, z: 1}
  m_Children: []
  m_Father: {fileID: 273422402940756621}
  m_RootOrder: 11
  m_LocalEulerAnglesHint: {x: 0, y: 0, z: 0}
--- !u!114 &4828805864410464542
MonoBehaviour:
  m_ObjectHideFlags: 0
  m_CorrespondingSourceObject: {fileID: 0}
  m_PrefabInstance: {fileID: 0}
  m_PrefabAsset: {fileID: 0}
  m_GameObject: {fileID: 3072309679270120332}
  m_Enabled: 1
  m_EditorHideFlags: 0
  m_Script: {fileID: 11500000, guid: 3e92578cb29fffb4db869246a8ddd57d, type: 3}
  m_Name: 
  m_EditorClassIdentifier: 
  StoryLineID: StartLine_10
  StoryLineType: 0
  Duration: 2
  ENG: 
  JP: 
  CH: "\u8B93\u6211\u5011\u5728\u5BB6\u88E1\u653E\u500B\u5145\u6EFF\u667A\u6167\u7684\u9577\u8F29\u5427\uFF0C"
  NextLineID: StartLine_11
  AutoFinish: 0
--- !u!1 &3347264838347284909
GameObject:
  m_ObjectHideFlags: 0
  m_CorrespondingSourceObject: {fileID: 0}
  m_PrefabInstance: {fileID: 0}
  m_PrefabAsset: {fileID: 0}
  serializedVersion: 6
  m_Component:
  - component: {fileID: 7085245609033192000}
  - component: {fileID: 2913688460356438430}
  m_Layer: 0
  m_Name: StoryLineObject
  m_TagString: Untagged
  m_Icon: {fileID: 0}
  m_NavMeshLayer: 0
  m_StaticEditorFlags: 0
  m_IsActive: 1
--- !u!4 &7085245609033192000
Transform:
  m_ObjectHideFlags: 0
  m_CorrespondingSourceObject: {fileID: 0}
  m_PrefabInstance: {fileID: 0}
  m_PrefabAsset: {fileID: 0}
  m_GameObject: {fileID: 3347264838347284909}
  m_LocalRotation: {x: 0, y: 0, z: 0, w: 1}
  m_LocalPosition: {x: 0, y: 0, z: 0}
  m_LocalScale: {x: 1, y: 1, z: 1}
  m_Children: []
  m_Father: {fileID: 4391742065797590818}
  m_RootOrder: 0
  m_LocalEulerAnglesHint: {x: 0, y: 0, z: 0}
--- !u!114 &2913688460356438430
MonoBehaviour:
  m_ObjectHideFlags: 0
  m_CorrespondingSourceObject: {fileID: 0}
  m_PrefabInstance: {fileID: 0}
  m_PrefabAsset: {fileID: 0}
  m_GameObject: {fileID: 3347264838347284909}
  m_Enabled: 1
  m_EditorHideFlags: 0
  m_Script: {fileID: 11500000, guid: 3e92578cb29fffb4db869246a8ddd57d, type: 3}
  m_Name: 
  m_EditorClassIdentifier: 
  StoryLineID: BackToStartLine_01
  StoryLineType: 2
  Duration: 2
  ENG: 
  JP: 
  CH: "\u597D\u597D\u807D\u6211\u8AAA\u8A71\u884C\u55CE?"
  NextLineID: BackToStartLine_02
  AutoFinish: 0
--- !u!1 &3369349965221789626
GameObject:
  m_ObjectHideFlags: 0
  m_CorrespondingSourceObject: {fileID: 0}
  m_PrefabInstance: {fileID: 0}
  m_PrefabAsset: {fileID: 0}
  serializedVersion: 6
  m_Component:
  - component: {fileID: 4618478355976173381}
  - component: {fileID: 7934090409345304166}
  m_Layer: 0
  m_Name: StoryLineObject (1)
  m_TagString: Untagged
  m_Icon: {fileID: 0}
  m_NavMeshLayer: 0
  m_StaticEditorFlags: 0
  m_IsActive: 1
--- !u!4 &4618478355976173381
Transform:
  m_ObjectHideFlags: 0
  m_CorrespondingSourceObject: {fileID: 0}
  m_PrefabInstance: {fileID: 0}
  m_PrefabAsset: {fileID: 0}
  m_GameObject: {fileID: 3369349965221789626}
  m_LocalRotation: {x: 0, y: 0, z: 0, w: 1}
  m_LocalPosition: {x: 0, y: 0, z: 0}
  m_LocalScale: {x: 1, y: 1, z: 1}
  m_Children: []
  m_Father: {fileID: 2116581536315581471}
  m_RootOrder: 1
  m_LocalEulerAnglesHint: {x: 0, y: 0, z: 0}
--- !u!114 &7934090409345304166
MonoBehaviour:
  m_ObjectHideFlags: 0
  m_CorrespondingSourceObject: {fileID: 0}
  m_PrefabInstance: {fileID: 0}
  m_PrefabAsset: {fileID: 0}
  m_GameObject: {fileID: 3369349965221789626}
  m_Enabled: 1
  m_EditorHideFlags: 0
  m_Script: {fileID: 11500000, guid: 3e92578cb29fffb4db869246a8ddd57d, type: 3}
  m_Name: 
  m_EditorClassIdentifier: 
  StoryLineID: MidPrompt_02
  StoryLineType: 5
  Duration: 2
  ENG: 
  JP: 
  CH: "\u4F60\u5011\u77E5\u9053\u6211\u8AAA\u7684\u5BB6\u662F\u751A\u9EBC\u610F\u601D\u55CE?"
  NextLineID: 
  AutoFinish: 1
--- !u!1 &3413857250033739271
GameObject:
  m_ObjectHideFlags: 0
  m_CorrespondingSourceObject: {fileID: 0}
  m_PrefabInstance: {fileID: 0}
  m_PrefabAsset: {fileID: 0}
  serializedVersion: 6
  m_Component:
  - component: {fileID: 6173386176288875950}
  - component: {fileID: 6910041418821367018}
  m_Layer: 0
  m_Name: _StoryLineManager
  m_TagString: Untagged
  m_Icon: {fileID: 0}
  m_NavMeshLayer: 0
  m_StaticEditorFlags: 0
  m_IsActive: 1
--- !u!4 &6173386176288875950
Transform:
  m_ObjectHideFlags: 0
  m_CorrespondingSourceObject: {fileID: 0}
  m_PrefabInstance: {fileID: 0}
  m_PrefabAsset: {fileID: 0}
  m_GameObject: {fileID: 3413857250033739271}
  m_LocalRotation: {x: 0, y: 0, z: 0, w: 1}
  m_LocalPosition: {x: 0, y: 0, z: 0}
  m_LocalScale: {x: 1, y: 1, z: 1}
  m_Children:
  - {fileID: 273422402940756621}
  - {fileID: 4951274145015390158}
  - {fileID: 4391742065797590818}
  - {fileID: 5989953405694045645}
  - {fileID: 7685542415802327629}
  - {fileID: 2116581536315581471}
  - {fileID: 1124699693152659703}
  - {fileID: 6167994647445934198}
  - {fileID: 3852194255806603658}
  - {fileID: 3664981078542580993}
  m_Father: {fileID: 0}
  m_RootOrder: 0
  m_LocalEulerAnglesHint: {x: 0, y: 0, z: 0}
--- !u!114 &6910041418821367018
MonoBehaviour:
  m_ObjectHideFlags: 0
  m_CorrespondingSourceObject: {fileID: 0}
  m_PrefabInstance: {fileID: 0}
  m_PrefabAsset: {fileID: 0}
  m_GameObject: {fileID: 3413857250033739271}
  m_Enabled: 1
  m_EditorHideFlags: 0
  m_Script: {fileID: 11500000, guid: ca289cab606babc4d9d3ad024a9b6467, type: 3}
  m_Name: 
  m_EditorClassIdentifier: 
  StoryLineObjectData:
  - {fileID: 0}
  - {fileID: 0}
  - {fileID: 0}
  - {fileID: 0}
  - {fileID: 0}
  - {fileID: 0}
  - {fileID: 0}
  - {fileID: 0}
  - {fileID: 0}
  - {fileID: 0}
  CurLine: {fileID: 0}
  TextUI: {fileID: 0}
  CurLanguage: 1
  LoopStartList:
  - {fileID: 532130694799868695}
  - {fileID: 347779379189038626}
  - {fileID: 9179423870188489462}
  - {fileID: 3772481121465623651}
  - {fileID: 3027556743063032915}
  FirstPromptList:
  - {fileID: 5089689393006960055}
  - {fileID: 515032383251321140}
  MidPromptList:
  - {fileID: 5981141608873123328}
  - {fileID: 7934090409345304166}
  - {fileID: 5673038870923938335}
  LastPromptList:
  - {fileID: 4064670793874744543}
  - {fileID: 267306118723602055}
  - {fileID: 1319380156604892985}
  GoodPointPromptList:
  - {fileID: 8501788437058929733}
  - {fileID: 4845875796088384923}
  - {fileID: 4531489292679145729}
  BackImage: {fileID: 0}
  EnterButton: {fileID: 0}
  BackImageAnim: {fileID: 0}
  BackImageObj: {fileID: 0}
  JoyInput:
  - {fileID: 0}
  - {fileID: 0}
  - {fileID: 0}
  - {fileID: 0}
--- !u!1 &3556045779978349200
GameObject:
  m_ObjectHideFlags: 0
  m_CorrespondingSourceObject: {fileID: 0}
  m_PrefabInstance: {fileID: 0}
  m_PrefabAsset: {fileID: 0}
  serializedVersion: 6
  m_Component:
  - component: {fileID: 3585253597123913309}
  - component: {fileID: 5981141608873123328}
  m_Layer: 0
  m_Name: StoryLineObject
  m_TagString: Untagged
  m_Icon: {fileID: 0}
  m_NavMeshLayer: 0
  m_StaticEditorFlags: 0
  m_IsActive: 1
--- !u!4 &3585253597123913309
Transform:
  m_ObjectHideFlags: 0
  m_CorrespondingSourceObject: {fileID: 0}
  m_PrefabInstance: {fileID: 0}
  m_PrefabAsset: {fileID: 0}
  m_GameObject: {fileID: 3556045779978349200}
  m_LocalRotation: {x: 0, y: 0, z: 0, w: 1}
  m_LocalPosition: {x: 0, y: 0, z: 0}
  m_LocalScale: {x: 1, y: 1, z: 1}
  m_Children: []
  m_Father: {fileID: 2116581536315581471}
  m_RootOrder: 0
  m_LocalEulerAnglesHint: {x: 0, y: 0, z: 0}
--- !u!114 &5981141608873123328
MonoBehaviour:
  m_ObjectHideFlags: 0
  m_CorrespondingSourceObject: {fileID: 0}
  m_PrefabInstance: {fileID: 0}
  m_PrefabAsset: {fileID: 0}
  m_GameObject: {fileID: 3556045779978349200}
  m_Enabled: 1
  m_EditorHideFlags: 0
  m_Script: {fileID: 11500000, guid: 3e92578cb29fffb4db869246a8ddd57d, type: 3}
  m_Name: 
  m_EditorClassIdentifier: 
  StoryLineID: MidPrompt_01
  StoryLineType: 5
  Duration: 2
  ENG: 
  JP: 
  CH: "\u4F60\u5011\u8981\u641E\u6E05\u695A\u6211\u7684\u610F\u601D\u3002"
  NextLineID: 
  AutoFinish: 1
--- !u!1 &3805598155081163230
GameObject:
  m_ObjectHideFlags: 0
  m_CorrespondingSourceObject: {fileID: 0}
  m_PrefabInstance: {fileID: 0}
  m_PrefabAsset: {fileID: 0}
  serializedVersion: 6
  m_Component:
  - component: {fileID: 4951274145015390158}
  m_Layer: 0
  m_Name: LoopStartLine
  m_TagString: Untagged
  m_Icon: {fileID: 0}
  m_NavMeshLayer: 0
  m_StaticEditorFlags: 0
  m_IsActive: 1
--- !u!4 &4951274145015390158
Transform:
  m_ObjectHideFlags: 0
  m_CorrespondingSourceObject: {fileID: 0}
  m_PrefabInstance: {fileID: 0}
  m_PrefabAsset: {fileID: 0}
  m_GameObject: {fileID: 3805598155081163230}
  m_LocalRotation: {x: 0, y: 0, z: 0, w: 1}
  m_LocalPosition: {x: 0, y: 0, z: 0}
  m_LocalScale: {x: 1, y: 1, z: 1}
  m_Children:
  - {fileID: 5751063074806144765}
  - {fileID: 1510806091618101200}
  - {fileID: 1863019505190330089}
  - {fileID: 5003098587042133449}
  - {fileID: 741931710694704035}
  m_Father: {fileID: 6173386176288875950}
  m_RootOrder: 1
  m_LocalEulerAnglesHint: {x: 0, y: 0, z: 0}
--- !u!1 &3865520829234938439
GameObject:
  m_ObjectHideFlags: 0
  m_CorrespondingSourceObject: {fileID: 0}
  m_PrefabInstance: {fileID: 0}
  m_PrefabAsset: {fileID: 0}
  serializedVersion: 6
  m_Component:
  - component: {fileID: 6651959460174365038}
  - component: {fileID: 3923657829522071730}
  m_Layer: 0
  m_Name: StoryLineObject (16)
  m_TagString: Untagged
  m_Icon: {fileID: 0}
  m_NavMeshLayer: 0
  m_StaticEditorFlags: 0
  m_IsActive: 1
--- !u!4 &6651959460174365038
Transform:
  m_ObjectHideFlags: 0
  m_CorrespondingSourceObject: {fileID: 0}
  m_PrefabInstance: {fileID: 0}
  m_PrefabAsset: {fileID: 0}
  m_GameObject: {fileID: 3865520829234938439}
  m_LocalRotation: {x: 0, y: 0, z: 0, w: 1}
  m_LocalPosition: {x: 0, y: 0, z: 0}
  m_LocalScale: {x: 1, y: 1, z: 1}
  m_Children: []
  m_Father: {fileID: 273422402940756621}
  m_RootOrder: 18
  m_LocalEulerAnglesHint: {x: 0, y: 0, z: 0}
--- !u!114 &3923657829522071730
MonoBehaviour:
  m_ObjectHideFlags: 0
  m_CorrespondingSourceObject: {fileID: 0}
  m_PrefabInstance: {fileID: 0}
  m_PrefabAsset: {fileID: 0}
  m_GameObject: {fileID: 3865520829234938439}
  m_Enabled: 1
  m_EditorHideFlags: 0
  m_Script: {fileID: 11500000, guid: 3e92578cb29fffb4db869246a8ddd57d, type: 3}
  m_Name: 
  m_EditorClassIdentifier: 
  StoryLineID: StartLine_17
  StoryLineType: 0
  Duration: 2
  ENG: 
  JP: 
  CH: "\u4F60\u770B\u770B\uFF0C\u9019\u662F\u591A\u5011\u6EAB\u99A8\u7684\u5C0F\u623F\u5B50\u963F\u3002"
  NextLineID: 
  AutoFinish: 0
--- !u!1 &3925345873303484443
GameObject:
  m_ObjectHideFlags: 0
  m_CorrespondingSourceObject: {fileID: 0}
  m_PrefabInstance: {fileID: 0}
  m_PrefabAsset: {fileID: 0}
  serializedVersion: 6
  m_Component:
  - component: {fileID: 31560683958918427}
  - component: {fileID: 2861391376722087110}
  m_Layer: 0
  m_Name: StoryLineObject (11)
  m_TagString: Untagged
  m_Icon: {fileID: 0}
  m_NavMeshLayer: 0
  m_StaticEditorFlags: 0
  m_IsActive: 1
--- !u!4 &31560683958918427
Transform:
  m_ObjectHideFlags: 0
  m_CorrespondingSourceObject: {fileID: 0}
  m_PrefabInstance: {fileID: 0}
  m_PrefabAsset: {fileID: 0}
  m_GameObject: {fileID: 3925345873303484443}
  m_LocalRotation: {x: 0, y: 0, z: 0, w: 1}
  m_LocalPosition: {x: 0, y: 0, z: 0}
  m_LocalScale: {x: 1, y: 1, z: 1}
  m_Children: []
  m_Father: {fileID: 273422402940756621}
  m_RootOrder: 13
  m_LocalEulerAnglesHint: {x: 0, y: 0, z: 0}
--- !u!114 &2861391376722087110
MonoBehaviour:
  m_ObjectHideFlags: 0
  m_CorrespondingSourceObject: {fileID: 0}
  m_PrefabInstance: {fileID: 0}
  m_PrefabAsset: {fileID: 0}
  m_GameObject: {fileID: 3925345873303484443}
  m_Enabled: 1
  m_EditorHideFlags: 0
  m_Script: {fileID: 11500000, guid: 3e92578cb29fffb4db869246a8ddd57d, type: 3}
  m_Name: 
  m_EditorClassIdentifier: 
  StoryLineID: StartLine_12
  StoryLineType: 0
  Duration: 2
  ENG: 
  JP: 
  CH: "\u6B50\uFF0C\u7CD7\u4E86\uFF0C\u6211\u5011\u5269\u4E0B\u4E00\u4F4D\u73A9\u5BB6\u4E86\uFF0C"
  NextLineID: StartLine_13
  AutoFinish: 0
--- !u!1 &4131291926945992404
GameObject:
  m_ObjectHideFlags: 0
  m_CorrespondingSourceObject: {fileID: 0}
  m_PrefabInstance: {fileID: 0}
  m_PrefabAsset: {fileID: 0}
  serializedVersion: 6
  m_Component:
  - component: {fileID: 3336622589119850000}
  - component: {fileID: 2138909053233867708}
  m_Layer: 0
  m_Name: StoryLineObject
  m_TagString: Untagged
  m_Icon: {fileID: 0}
  m_NavMeshLayer: 0
  m_StaticEditorFlags: 0
  m_IsActive: 1
--- !u!4 &3336622589119850000
Transform:
  m_ObjectHideFlags: 0
  m_CorrespondingSourceObject: {fileID: 0}
  m_PrefabInstance: {fileID: 0}
  m_PrefabAsset: {fileID: 0}
  m_GameObject: {fileID: 4131291926945992404}
  m_LocalRotation: {x: 0, y: 0, z: 0, w: 1}
  m_LocalPosition: {x: 0, y: 0, z: 0}
  m_LocalScale: {x: 1, y: 1, z: 1}
  m_Children: []
  m_Father: {fileID: 5989953405694045645}
  m_RootOrder: 0
  m_LocalEulerAnglesHint: {x: 0, y: 0, z: 0}
--- !u!114 &2138909053233867708
MonoBehaviour:
  m_ObjectHideFlags: 0
  m_CorrespondingSourceObject: {fileID: 0}
  m_PrefabInstance: {fileID: 0}
  m_PrefabAsset: {fileID: 0}
  m_GameObject: {fileID: 4131291926945992404}
  m_Enabled: 1
  m_EditorHideFlags: 0
  m_Script: {fileID: 11500000, guid: 3e92578cb29fffb4db869246a8ddd57d, type: 3}
  m_Name: 
  m_EditorClassIdentifier: 
  StoryLineID: GameStartLine_01
  StoryLineType: 3
  Duration: 2
  ENG: 
  JP: 
  CH: ?!
  NextLineID: GameStartLine_02
  AutoFinish: 1
--- !u!1 &4133324302310520287
GameObject:
  m_ObjectHideFlags: 0
  m_CorrespondingSourceObject: {fileID: 0}
  m_PrefabInstance: {fileID: 0}
  m_PrefabAsset: {fileID: 0}
  serializedVersion: 6
  m_Component:
  - component: {fileID: 6167994647445934198}
  m_Layer: 0
  m_Name: GoodPointPrompt
  m_TagString: Untagged
  m_Icon: {fileID: 0}
  m_NavMeshLayer: 0
  m_StaticEditorFlags: 0
  m_IsActive: 1
--- !u!4 &6167994647445934198
Transform:
  m_ObjectHideFlags: 0
  m_CorrespondingSourceObject: {fileID: 0}
  m_PrefabInstance: {fileID: 0}
  m_PrefabAsset: {fileID: 0}
  m_GameObject: {fileID: 4133324302310520287}
  m_LocalRotation: {x: 0, y: 0, z: 0, w: 1}
  m_LocalPosition: {x: 0, y: 0, z: 0}
  m_LocalScale: {x: 1, y: 1, z: 1}
  m_Children:
  - {fileID: 349634120759514028}
  - {fileID: 8104045060659798444}
  - {fileID: 1849312637250751632}
  m_Father: {fileID: 6173386176288875950}
  m_RootOrder: 7
  m_LocalEulerAnglesHint: {x: 0, y: 0, z: 0}
--- !u!1 &4403913327832149294
GameObject:
  m_ObjectHideFlags: 0
  m_CorrespondingSourceObject: {fileID: 0}
  m_PrefabInstance: {fileID: 0}
  m_PrefabAsset: {fileID: 0}
  serializedVersion: 6
  m_Component:
  - component: {fileID: 7685542415802327629}
  m_Layer: 0
  m_Name: FirstPrompt
  m_TagString: Untagged
  m_Icon: {fileID: 0}
  m_NavMeshLayer: 0
  m_StaticEditorFlags: 0
  m_IsActive: 1
--- !u!4 &7685542415802327629
Transform:
  m_ObjectHideFlags: 0
  m_CorrespondingSourceObject: {fileID: 0}
  m_PrefabInstance: {fileID: 0}
  m_PrefabAsset: {fileID: 0}
  m_GameObject: {fileID: 4403913327832149294}
  m_LocalRotation: {x: 0, y: 0, z: 0, w: 1}
  m_LocalPosition: {x: 0, y: 0, z: 0}
  m_LocalScale: {x: 1, y: 1, z: 1}
  m_Children:
  - {fileID: 1378712912426384949}
  - {fileID: 273143566304194059}
  m_Father: {fileID: 6173386176288875950}
  m_RootOrder: 4
  m_LocalEulerAnglesHint: {x: 0, y: 0, z: 0}
--- !u!1 &4490515151657028196
GameObject:
  m_ObjectHideFlags: 0
  m_CorrespondingSourceObject: {fileID: 0}
  m_PrefabInstance: {fileID: 0}
  m_PrefabAsset: {fileID: 0}
  serializedVersion: 6
  m_Component:
  - component: {fileID: 7311225923616610448}
  - component: {fileID: 267306118723602055}
  m_Layer: 0
  m_Name: StoryLineObject (1)
  m_TagString: Untagged
  m_Icon: {fileID: 0}
  m_NavMeshLayer: 0
  m_StaticEditorFlags: 0
  m_IsActive: 1
--- !u!4 &7311225923616610448
Transform:
  m_ObjectHideFlags: 0
  m_CorrespondingSourceObject: {fileID: 0}
  m_PrefabInstance: {fileID: 0}
  m_PrefabAsset: {fileID: 0}
  m_GameObject: {fileID: 4490515151657028196}
  m_LocalRotation: {x: 0, y: 0, z: 0, w: 1}
  m_LocalPosition: {x: 0, y: 0, z: 0}
  m_LocalScale: {x: 1, y: 1, z: 1}
  m_Children: []
  m_Father: {fileID: 1124699693152659703}
  m_RootOrder: 1
  m_LocalEulerAnglesHint: {x: 0, y: 0, z: 0}
--- !u!114 &267306118723602055
MonoBehaviour:
  m_ObjectHideFlags: 0
  m_CorrespondingSourceObject: {fileID: 0}
  m_PrefabInstance: {fileID: 0}
  m_PrefabAsset: {fileID: 0}
  m_GameObject: {fileID: 4490515151657028196}
  m_Enabled: 1
  m_EditorHideFlags: 0
  m_Script: {fileID: 11500000, guid: 3e92578cb29fffb4db869246a8ddd57d, type: 3}
  m_Name: 
  m_EditorClassIdentifier: 
  StoryLineID: LastPrompt_02
  StoryLineType: 6
  Duration: 2
  ENG: 
  JP: 
  CH: "\u4F60\u5011\u6709\u56DB\u500B\u4EBA\uFF0C\u505A\u4E9B\u4E0D\u662F\u53EA\u6709\u81EA\u5DF1\u53EF\u4EE5\u505A\u7684\u4E8B\u554A\u3002"
  NextLineID: 
  AutoFinish: 1
--- !u!1 &4505300759197312649
GameObject:
  m_ObjectHideFlags: 0
  m_CorrespondingSourceObject: {fileID: 0}
  m_PrefabInstance: {fileID: 0}
  m_PrefabAsset: {fileID: 0}
  serializedVersion: 6
  m_Component:
  - component: {fileID: 16939264001040667}
  - component: {fileID: 3699842136963135134}
  m_Layer: 0
  m_Name: StoryLineObject (13)
  m_TagString: Untagged
  m_Icon: {fileID: 0}
  m_NavMeshLayer: 0
  m_StaticEditorFlags: 0
  m_IsActive: 1
--- !u!4 &16939264001040667
Transform:
  m_ObjectHideFlags: 0
  m_CorrespondingSourceObject: {fileID: 0}
  m_PrefabInstance: {fileID: 0}
  m_PrefabAsset: {fileID: 0}
  m_GameObject: {fileID: 4505300759197312649}
  m_LocalRotation: {x: 0, y: 0, z: 0, w: 1}
  m_LocalPosition: {x: 0, y: 0, z: 0}
  m_LocalScale: {x: 1, y: 1, z: 1}
  m_Children: []
  m_Father: {fileID: 273422402940756621}
  m_RootOrder: 15
  m_LocalEulerAnglesHint: {x: 0, y: 0, z: 0}
--- !u!114 &3699842136963135134
MonoBehaviour:
  m_ObjectHideFlags: 0
  m_CorrespondingSourceObject: {fileID: 0}
  m_PrefabInstance: {fileID: 0}
  m_PrefabAsset: {fileID: 0}
  m_GameObject: {fileID: 4505300759197312649}
  m_Enabled: 1
  m_EditorHideFlags: 0
  m_Script: {fileID: 11500000, guid: 3e92578cb29fffb4db869246a8ddd57d, type: 3}
  m_Name: 
  m_EditorClassIdentifier: 
  StoryLineID: StartLine_14
  StoryLineType: 0
  Duration: 2
  ENG: 
  JP: 
  CH: "\u5728\u958B\u59CB\u4E4B\u524D\uFF0C\u8B93\u6211\u5148\u627E\u500B\u8212\u9069\u7684\u5730\u65B9\u5750\u4E0B\uFF0C"
  NextLineID: StartLine_15
  AutoFinish: 0
--- !u!1 &5065813527695127010
GameObject:
  m_ObjectHideFlags: 0
  m_CorrespondingSourceObject: {fileID: 0}
  m_PrefabInstance: {fileID: 0}
  m_PrefabAsset: {fileID: 0}
  serializedVersion: 6
  m_Component:
  - component: {fileID: 1769114319022315717}
  - component: {fileID: 3825087410914961946}
  m_Layer: 0
  m_Name: StoryLineObject (1)
  m_TagString: Untagged
  m_Icon: {fileID: 0}
  m_NavMeshLayer: 0
  m_StaticEditorFlags: 0
  m_IsActive: 1
--- !u!4 &1769114319022315717
Transform:
  m_ObjectHideFlags: 0
  m_CorrespondingSourceObject: {fileID: 0}
  m_PrefabInstance: {fileID: 0}
  m_PrefabAsset: {fileID: 0}
  m_GameObject: {fileID: 5065813527695127010}
  m_LocalRotation: {x: 0, y: 0, z: 0, w: 1}
  m_LocalPosition: {x: 0, y: 0, z: 0}
  m_LocalScale: {x: 1, y: 1, z: 1}
  m_Children: []
  m_Father: {fileID: 3664981078542580993}
  m_RootOrder: 1
  m_LocalEulerAnglesHint: {x: 0, y: 0, z: 0}
--- !u!114 &3825087410914961946
MonoBehaviour:
  m_ObjectHideFlags: 0
  m_CorrespondingSourceObject: {fileID: 0}
  m_PrefabInstance: {fileID: 0}
  m_PrefabAsset: {fileID: 0}
  m_GameObject: {fileID: 5065813527695127010}
  m_Enabled: 1
  m_EditorHideFlags: 0
  m_Script: {fileID: 11500000, guid: 3e92578cb29fffb4db869246a8ddd57d, type: 3}
  m_Name: 
  m_EditorClassIdentifier: 
  StoryLineID: BadEnd_02
  StoryLineType: 8
  Duration: 2
  ENG: 
  JP: 
  CH: "\u4F60\u5011\u53EF\u4EE5\u518D\u8A66\u4E00\u6B21\u3002"
  NextLineID: BadEnd_03
  AutoFinish: 0
--- !u!1 &5105559224500559765
GameObject:
  m_ObjectHideFlags: 0
  m_CorrespondingSourceObject: {fileID: 0}
  m_PrefabInstance: {fileID: 0}
  m_PrefabAsset: {fileID: 0}
  serializedVersion: 6
  m_Component:
  - component: {fileID: 5448680593966429401}
  - component: {fileID: 6025422552772238258}
  m_Layer: 0
  m_Name: StoryLineObject (2)
  m_TagString: Untagged
  m_Icon: {fileID: 0}
  m_NavMeshLayer: 0
  m_StaticEditorFlags: 0
  m_IsActive: 1
--- !u!4 &5448680593966429401
Transform:
  m_ObjectHideFlags: 0
  m_CorrespondingSourceObject: {fileID: 0}
  m_PrefabInstance: {fileID: 0}
  m_PrefabAsset: {fileID: 0}
  m_GameObject: {fileID: 5105559224500559765}
  m_LocalRotation: {x: 0, y: 0, z: 0, w: 1}
  m_LocalPosition: {x: 0, y: 0, z: 0}
  m_LocalScale: {x: 1, y: 1, z: 1}
  m_Children: []
  m_Father: {fileID: 5989953405694045645}
  m_RootOrder: 2
  m_LocalEulerAnglesHint: {x: 0, y: 0, z: 0}
--- !u!114 &6025422552772238258
MonoBehaviour:
  m_ObjectHideFlags: 0
  m_CorrespondingSourceObject: {fileID: 0}
  m_PrefabInstance: {fileID: 0}
  m_PrefabAsset: {fileID: 0}
  m_GameObject: {fileID: 5105559224500559765}
  m_Enabled: 1
  m_EditorHideFlags: 0
  m_Script: {fileID: 11500000, guid: 3e92578cb29fffb4db869246a8ddd57d, type: 3}
  m_Name: 
  m_EditorClassIdentifier: 
  StoryLineID: GameStartLine_03
  StoryLineType: 3
  Duration: 2
  ENG: 
  JP: 
  CH: "\u53EF\u60E1\uFF0C\u600E\u9EBC\u53C8\u4F86\u4E86\uFF0C"
  NextLineID: GameStartLine_04
  AutoFinish: 1
--- !u!1 &5344999298843027129
GameObject:
  m_ObjectHideFlags: 0
  m_CorrespondingSourceObject: {fileID: 0}
  m_PrefabInstance: {fileID: 0}
  m_PrefabAsset: {fileID: 0}
  serializedVersion: 6
  m_Component:
  - component: {fileID: 2198019320261561473}
  - component: {fileID: 4155694521093153348}
  m_Layer: 0
  m_Name: StoryLineObject (15)
  m_TagString: Untagged
  m_Icon: {fileID: 0}
  m_NavMeshLayer: 0
  m_StaticEditorFlags: 0
  m_IsActive: 1
--- !u!4 &2198019320261561473
Transform:
  m_ObjectHideFlags: 0
  m_CorrespondingSourceObject: {fileID: 0}
  m_PrefabInstance: {fileID: 0}
  m_PrefabAsset: {fileID: 0}
  m_GameObject: {fileID: 5344999298843027129}
  m_LocalRotation: {x: 0, y: 0, z: 0, w: 1}
  m_LocalPosition: {x: 0, y: 0, z: 0}
  m_LocalScale: {x: 1, y: 1, z: 1}
  m_Children: []
  m_Father: {fileID: 273422402940756621}
  m_RootOrder: 17
  m_LocalEulerAnglesHint: {x: 0, y: 0, z: 0}
--- !u!114 &4155694521093153348
MonoBehaviour:
  m_ObjectHideFlags: 0
  m_CorrespondingSourceObject: {fileID: 0}
  m_PrefabInstance: {fileID: 0}
  m_PrefabAsset: {fileID: 0}
  m_GameObject: {fileID: 5344999298843027129}
  m_Enabled: 1
  m_EditorHideFlags: 0
  m_Script: {fileID: 11500000, guid: 3e92578cb29fffb4db869246a8ddd57d, type: 3}
  m_Name: 
  m_EditorClassIdentifier: 
  StoryLineID: StartLine_16
  StoryLineType: 0
  Duration: 2
  ENG: 
  JP: 
  CH: "\u597D\u7684\uFF0C\u9019\u662F\u4E00\u500B\u95DC\u65BC\u5C0D\u6211\u4F86\u8AAA\u751A\u9EBC\u662F\"\u5BB6\"\u7684\u6545\u4E8B\u3002"
  NextLineID: StartLine_17
  AutoFinish: 0
--- !u!1 &5379658331796292577
GameObject:
  m_ObjectHideFlags: 0
  m_CorrespondingSourceObject: {fileID: 0}
  m_PrefabInstance: {fileID: 0}
  m_PrefabAsset: {fileID: 0}
  serializedVersion: 6
  m_Component:
  - component: {fileID: 3971532946374685832}
  - component: {fileID: 4313232828745731510}
  m_Layer: 0
  m_Name: StoryLineObject (2)
  m_TagString: Untagged
  m_Icon: {fileID: 0}
  m_NavMeshLayer: 0
  m_StaticEditorFlags: 0
  m_IsActive: 1
--- !u!4 &3971532946374685832
Transform:
  m_ObjectHideFlags: 0
  m_CorrespondingSourceObject: {fileID: 0}
  m_PrefabInstance: {fileID: 0}
  m_PrefabAsset: {fileID: 0}
  m_GameObject: {fileID: 5379658331796292577}
  m_LocalRotation: {x: 0, y: 0, z: 0, w: 1}
  m_LocalPosition: {x: 0, y: 0, z: 0}
  m_LocalScale: {x: 1, y: 1, z: 1}
  m_Children: []
  m_Father: {fileID: 4391742065797590818}
  m_RootOrder: 2
  m_LocalEulerAnglesHint: {x: 0, y: 0, z: 0}
--- !u!114 &4313232828745731510
MonoBehaviour:
  m_ObjectHideFlags: 0
  m_CorrespondingSourceObject: {fileID: 0}
  m_PrefabInstance: {fileID: 0}
  m_PrefabAsset: {fileID: 0}
  m_GameObject: {fileID: 5379658331796292577}
  m_Enabled: 1
  m_EditorHideFlags: 0
  m_Script: {fileID: 11500000, guid: 3e92578cb29fffb4db869246a8ddd57d, type: 3}
  m_Name: 
  m_EditorClassIdentifier: 
  StoryLineID: BackToStartLine_03
  StoryLineType: 2
  Duration: 2
  ENG: 
  JP: 
  CH: "\u6B50!\u5C0D\u4E86!"
  NextLineID: 
  AutoFinish: 0
--- !u!1 &5389519224521538689
GameObject:
  m_ObjectHideFlags: 0
  m_CorrespondingSourceObject: {fileID: 0}
  m_PrefabInstance: {fileID: 0}
  m_PrefabAsset: {fileID: 0}
  serializedVersion: 6
  m_Component:
  - component: {fileID: 7892865606786368437}
  - component: {fileID: 1289677164807792261}
  m_Layer: 0
  m_Name: StoryLineObject (1)
  m_TagString: Untagged
  m_Icon: {fileID: 0}
  m_NavMeshLayer: 0
  m_StaticEditorFlags: 0
  m_IsActive: 1
--- !u!4 &7892865606786368437
Transform:
  m_ObjectHideFlags: 0
  m_CorrespondingSourceObject: {fileID: 0}
  m_PrefabInstance: {fileID: 0}
  m_PrefabAsset: {fileID: 0}
  m_GameObject: {fileID: 5389519224521538689}
  m_LocalRotation: {x: 0, y: 0, z: 0, w: 1}
  m_LocalPosition: {x: 0, y: 0, z: 0}
  m_LocalScale: {x: 1, y: 1, z: 1}
  m_Children: []
  m_Father: {fileID: 5989953405694045645}
  m_RootOrder: 1
  m_LocalEulerAnglesHint: {x: 0, y: 0, z: 0}
--- !u!114 &1289677164807792261
MonoBehaviour:
  m_ObjectHideFlags: 0
  m_CorrespondingSourceObject: {fileID: 0}
  m_PrefabInstance: {fileID: 0}
  m_PrefabAsset: {fileID: 0}
  m_GameObject: {fileID: 5389519224521538689}
  m_Enabled: 1
  m_EditorHideFlags: 0
  m_Script: {fileID: 11500000, guid: 3e92578cb29fffb4db869246a8ddd57d, type: 3}
  m_Name: 
  m_EditorClassIdentifier: 
  StoryLineID: GameStartLine_02
  StoryLineType: 3
  Duration: 2
  ENG: 
  JP: 
  CH: "\u8A72\u4E0D\u6703..."
  NextLineID: GameStartLine_03
  AutoFinish: 1
--- !u!1 &5411506601757125076
GameObject:
  m_ObjectHideFlags: 0
  m_CorrespondingSourceObject: {fileID: 0}
  m_PrefabInstance: {fileID: 0}
  m_PrefabAsset: {fileID: 0}
  serializedVersion: 6
  m_Component:
  - component: {fileID: 5301944857568347179}
  - component: {fileID: 5280576514046612520}
  m_Layer: 0
  m_Name: StoryLineObject (14)
  m_TagString: Untagged
  m_Icon: {fileID: 0}
  m_NavMeshLayer: 0
  m_StaticEditorFlags: 0
  m_IsActive: 1
--- !u!4 &5301944857568347179
Transform:
  m_ObjectHideFlags: 0
  m_CorrespondingSourceObject: {fileID: 0}
  m_PrefabInstance: {fileID: 0}
  m_PrefabAsset: {fileID: 0}
  m_GameObject: {fileID: 5411506601757125076}
  m_LocalRotation: {x: 0, y: 0, z: 0, w: 1}
  m_LocalPosition: {x: 0, y: 0, z: 0}
  m_LocalScale: {x: 1, y: 1, z: 1}
  m_Children: []
  m_Father: {fileID: 273422402940756621}
  m_RootOrder: 16
  m_LocalEulerAnglesHint: {x: 0, y: 0, z: 0}
--- !u!114 &5280576514046612520
MonoBehaviour:
  m_ObjectHideFlags: 0
  m_CorrespondingSourceObject: {fileID: 0}
  m_PrefabInstance: {fileID: 0}
  m_PrefabAsset: {fileID: 0}
  m_GameObject: {fileID: 5411506601757125076}
  m_Enabled: 1
  m_EditorHideFlags: 0
  m_Script: {fileID: 11500000, guid: 3e92578cb29fffb4db869246a8ddd57d, type: 3}
  m_Name: 
  m_EditorClassIdentifier: 
  StoryLineID: StartLine_15
  StoryLineType: 0
  Duration: 2
  ENG: 
  JP: 
  CH: "\u547C~ \u8C46\u888B\u6905\u6839\u672C\u5C31\u662F\u6700\u5049\u5927\u7684\u767C\u660E\u3002"
  NextLineID: StartLine_16
  AutoFinish: 0
--- !u!1 &5512404021083448296
GameObject:
  m_ObjectHideFlags: 0
  m_CorrespondingSourceObject: {fileID: 0}
  m_PrefabInstance: {fileID: 0}
  m_PrefabAsset: {fileID: 0}
  serializedVersion: 6
  m_Component:
  - component: {fileID: 3664981078542580993}
  m_Layer: 0
  m_Name: BadEnd
  m_TagString: Untagged
  m_Icon: {fileID: 0}
  m_NavMeshLayer: 0
  m_StaticEditorFlags: 0
  m_IsActive: 1
--- !u!4 &3664981078542580993
Transform:
  m_ObjectHideFlags: 0
  m_CorrespondingSourceObject: {fileID: 0}
  m_PrefabInstance: {fileID: 0}
  m_PrefabAsset: {fileID: 0}
  m_GameObject: {fileID: 5512404021083448296}
  m_LocalRotation: {x: 0, y: 0, z: 0, w: 1}
  m_LocalPosition: {x: 0, y: 0, z: 0}
  m_LocalScale: {x: 1, y: 1, z: 1}
  m_Children:
  - {fileID: 4438709228692533953}
  - {fileID: 1769114319022315717}
  - {fileID: 1397496114177157187}
  m_Father: {fileID: 6173386176288875950}
  m_RootOrder: 9
  m_LocalEulerAnglesHint: {x: 0, y: 0, z: 0}
--- !u!1 &5526058987437746499
GameObject:
  m_ObjectHideFlags: 0
  m_CorrespondingSourceObject: {fileID: 0}
  m_PrefabInstance: {fileID: 0}
  m_PrefabAsset: {fileID: 0}
  serializedVersion: 6
  m_Component:
  - component: {fileID: 4438709228692533953}
  - component: {fileID: 9008799319844065106}
  m_Layer: 0
  m_Name: StoryLineObject
  m_TagString: Untagged
  m_Icon: {fileID: 0}
  m_NavMeshLayer: 0
  m_StaticEditorFlags: 0
  m_IsActive: 1
--- !u!4 &4438709228692533953
Transform:
  m_ObjectHideFlags: 0
  m_CorrespondingSourceObject: {fileID: 0}
  m_PrefabInstance: {fileID: 0}
  m_PrefabAsset: {fileID: 0}
  m_GameObject: {fileID: 5526058987437746499}
  m_LocalRotation: {x: 0, y: 0, z: 0, w: 1}
  m_LocalPosition: {x: 0, y: 0, z: 0}
  m_LocalScale: {x: 1, y: 1, z: 1}
  m_Children: []
  m_Father: {fileID: 3664981078542580993}
  m_RootOrder: 0
  m_LocalEulerAnglesHint: {x: 0, y: 0, z: 0}
--- !u!114 &9008799319844065106
MonoBehaviour:
  m_ObjectHideFlags: 0
  m_CorrespondingSourceObject: {fileID: 0}
  m_PrefabInstance: {fileID: 0}
  m_PrefabAsset: {fileID: 0}
  m_GameObject: {fileID: 5526058987437746499}
  m_Enabled: 1
  m_EditorHideFlags: 0
  m_Script: {fileID: 11500000, guid: 3e92578cb29fffb4db869246a8ddd57d, type: 3}
  m_Name: 
  m_EditorClassIdentifier: 
  StoryLineID: BadEnd_01
  StoryLineType: 8
  Duration: 2
  ENG: 
  JP: 
  CH: "\u6069...\u6240\u4EE5\u9019\u4E9B\u4EBA\u751F\u7684\u9CE5\u4E8B\u7D42\u7A76\u9084\u662F\u6DF9\u6C92\u4F60\u5011\u4E86\u55CE? "
  NextLineID: BadEnd_02
  AutoFinish: 0
--- !u!1 &5740584220379746775
GameObject:
  m_ObjectHideFlags: 0
  m_CorrespondingSourceObject: {fileID: 0}
  m_PrefabInstance: {fileID: 0}
  m_PrefabAsset: {fileID: 0}
  serializedVersion: 6
  m_Component:
  - component: {fileID: 1830112416036371706}
  - component: {fileID: 5973583856537973116}
  m_Layer: 0
  m_Name: StoryLineObject (1)
  m_TagString: Untagged
  m_Icon: {fileID: 0}
  m_NavMeshLayer: 0
  m_StaticEditorFlags: 0
  m_IsActive: 1
--- !u!4 &1830112416036371706
Transform:
  m_ObjectHideFlags: 0
  m_CorrespondingSourceObject: {fileID: 0}
  m_PrefabInstance: {fileID: 0}
  m_PrefabAsset: {fileID: 0}
  m_GameObject: {fileID: 5740584220379746775}
  m_LocalRotation: {x: 0, y: 0, z: 0, w: 1}
  m_LocalPosition: {x: 0, y: 0, z: 0}
  m_LocalScale: {x: 1, y: 1, z: 1}
  m_Children: []
  m_Father: {fileID: 3852194255806603658}
  m_RootOrder: 1
  m_LocalEulerAnglesHint: {x: 0, y: 0, z: 0}
--- !u!114 &5973583856537973116
MonoBehaviour:
  m_ObjectHideFlags: 0
  m_CorrespondingSourceObject: {fileID: 0}
  m_PrefabInstance: {fileID: 0}
  m_PrefabAsset: {fileID: 0}
  m_GameObject: {fileID: 5740584220379746775}
  m_Enabled: 1
  m_EditorHideFlags: 0
  m_Script: {fileID: 11500000, guid: 3e92578cb29fffb4db869246a8ddd57d, type: 3}
  m_Name: 
  m_EditorClassIdentifier: 
  StoryLineID: GoodEnd_02
  StoryLineType: 7
  Duration: 2
  ENG: 
  JP: 
  CH: "\u4F60\u5011\u77AD\u89E3\u5C0D\u6211\u4F86\u8AAA\u751A\u9EBC\u662F\"\u5BB6\"\u4E86\u55CE? "
  NextLineID: GoodEnd_03
  AutoFinish: 1
--- !u!1 &5857398626396589175
GameObject:
  m_ObjectHideFlags: 0
  m_CorrespondingSourceObject: {fileID: 0}
  m_PrefabInstance: {fileID: 0}
  m_PrefabAsset: {fileID: 0}
  serializedVersion: 6
  m_Component:
  - component: {fileID: 6952072441672182802}
  - component: {fileID: 5673038870923938335}
  m_Layer: 0
  m_Name: StoryLineObject (2)
  m_TagString: Untagged
  m_Icon: {fileID: 0}
  m_NavMeshLayer: 0
  m_StaticEditorFlags: 0
  m_IsActive: 1
--- !u!4 &6952072441672182802
Transform:
  m_ObjectHideFlags: 0
  m_CorrespondingSourceObject: {fileID: 0}
  m_PrefabInstance: {fileID: 0}
  m_PrefabAsset: {fileID: 0}
  m_GameObject: {fileID: 5857398626396589175}
  m_LocalRotation: {x: 0, y: 0, z: 0, w: 1}
  m_LocalPosition: {x: 0, y: 0, z: 0}
  m_LocalScale: {x: 1, y: 1, z: 1}
  m_Children: []
  m_Father: {fileID: 2116581536315581471}
  m_RootOrder: 2
  m_LocalEulerAnglesHint: {x: 0, y: 0, z: 0}
--- !u!114 &5673038870923938335
MonoBehaviour:
  m_ObjectHideFlags: 0
  m_CorrespondingSourceObject: {fileID: 0}
  m_PrefabInstance: {fileID: 0}
  m_PrefabAsset: {fileID: 0}
  m_GameObject: {fileID: 5857398626396589175}
  m_Enabled: 1
  m_EditorHideFlags: 0
  m_Script: {fileID: 11500000, guid: 3e92578cb29fffb4db869246a8ddd57d, type: 3}
  m_Name: 
  m_EditorClassIdentifier: 
  StoryLineID: MidPrompt_03
  StoryLineType: 5
  Duration: 2
  ENG: 
  JP: 
  CH: "\u9084\u8A18\u7684\u6211\u8AAA\u7684\u6545\u4E8B\u55CE?"
  NextLineID: 
  AutoFinish: 1
--- !u!1 &6046283707107808241
GameObject:
  m_ObjectHideFlags: 0
  m_CorrespondingSourceObject: {fileID: 0}
  m_PrefabInstance: {fileID: 0}
  m_PrefabAsset: {fileID: 0}
  serializedVersion: 6
  m_Component:
  - component: {fileID: 1378712912426384949}
  - component: {fileID: 5089689393006960055}
  m_Layer: 0
  m_Name: StoryLineObject
  m_TagString: Untagged
  m_Icon: {fileID: 0}
  m_NavMeshLayer: 0
  m_StaticEditorFlags: 0
  m_IsActive: 1
--- !u!4 &1378712912426384949
Transform:
  m_ObjectHideFlags: 0
  m_CorrespondingSourceObject: {fileID: 0}
  m_PrefabInstance: {fileID: 0}
  m_PrefabAsset: {fileID: 0}
  m_GameObject: {fileID: 6046283707107808241}
  m_LocalRotation: {x: 0, y: 0, z: 0, w: 1}
  m_LocalPosition: {x: 0, y: 0, z: 0}
  m_LocalScale: {x: 1, y: 1, z: 1}
  m_Children: []
  m_Father: {fileID: 7685542415802327629}
  m_RootOrder: 0
  m_LocalEulerAnglesHint: {x: 0, y: 0, z: 0}
--- !u!114 &5089689393006960055
MonoBehaviour:
  m_ObjectHideFlags: 0
  m_CorrespondingSourceObject: {fileID: 0}
  m_PrefabInstance: {fileID: 0}
  m_PrefabAsset: {fileID: 0}
  m_GameObject: {fileID: 6046283707107808241}
  m_Enabled: 1
  m_EditorHideFlags: 0
  m_Script: {fileID: 11500000, guid: 3e92578cb29fffb4db869246a8ddd57d, type: 3}
  m_Name: 
  m_EditorClassIdentifier: 
  StoryLineID: FirstPrompt_01
  StoryLineType: 4
  Duration: 2
  ENG: 
  JP: 
  CH: "\u563F!\u5225\u8B93\u5B83\u5011\u7834\u58DE\u6211\u5BB6!"
  NextLineID: 
  AutoFinish: 1
--- !u!1 &6113464663433519317
GameObject:
  m_ObjectHideFlags: 0
  m_CorrespondingSourceObject: {fileID: 0}
  m_PrefabInstance: {fileID: 0}
  m_PrefabAsset: {fileID: 0}
  serializedVersion: 6
  m_Component:
  - component: {fileID: 6502165439763551111}
  - component: {fileID: 1497717226093032101}
  m_Layer: 0
  m_Name: StoryLineObject (2)-2
  m_TagString: Untagged
  m_Icon: {fileID: 0}
  m_NavMeshLayer: 0
  m_StaticEditorFlags: 0
  m_IsActive: 1
--- !u!4 &6502165439763551111
Transform:
  m_ObjectHideFlags: 0
  m_CorrespondingSourceObject: {fileID: 0}
  m_PrefabInstance: {fileID: 0}
  m_PrefabAsset: {fileID: 0}
  m_GameObject: {fileID: 6113464663433519317}
  m_LocalRotation: {x: 0, y: 0, z: 0, w: 1}
  m_LocalPosition: {x: 0, y: 0, z: 0}
  m_LocalScale: {x: 1, y: 1, z: 1}
  m_Children: []
  m_Father: {fileID: 273422402940756621}
  m_RootOrder: 3
  m_LocalEulerAnglesHint: {x: 0, y: 0, z: 0}
--- !u!114 &1497717226093032101
MonoBehaviour:
  m_ObjectHideFlags: 0
  m_CorrespondingSourceObject: {fileID: 0}
  m_PrefabInstance: {fileID: 0}
  m_PrefabAsset: {fileID: 0}
  m_GameObject: {fileID: 6113464663433519317}
  m_Enabled: 1
  m_EditorHideFlags: 0
  m_Script: {fileID: 11500000, guid: 3e92578cb29fffb4db869246a8ddd57d, type: 3}
  m_Name: 
  m_EditorClassIdentifier: 
  StoryLineID: StartLine_03-2
  StoryLineType: 0
  Duration: 2
  ENG: 
  JP: 
  CH: "\u6069...\u9996\u5148\uFF0C\u4F60\u80FD\u627E\u5230\u53E6\u5916\u4E09\u500B\u670B\u53CB\u55CE?"
  NextLineID: StartLine_04
  AutoFinish: 0
--- !u!1 &6329531408641547618
GameObject:
  m_ObjectHideFlags: 0
  m_CorrespondingSourceObject: {fileID: 0}
  m_PrefabInstance: {fileID: 0}
  m_PrefabAsset: {fileID: 0}
  serializedVersion: 6
  m_Component:
  - component: {fileID: 8104045060659798444}
  - component: {fileID: 4845875796088384923}
  m_Layer: 0
  m_Name: StoryLineObject (1)
  m_TagString: Untagged
  m_Icon: {fileID: 0}
  m_NavMeshLayer: 0
  m_StaticEditorFlags: 0
  m_IsActive: 1
--- !u!4 &8104045060659798444
Transform:
  m_ObjectHideFlags: 0
  m_CorrespondingSourceObject: {fileID: 0}
  m_PrefabInstance: {fileID: 0}
  m_PrefabAsset: {fileID: 0}
  m_GameObject: {fileID: 6329531408641547618}
  m_LocalRotation: {x: 0, y: 0, z: 0, w: 1}
  m_LocalPosition: {x: 0, y: 0, z: 0}
  m_LocalScale: {x: 1, y: 1, z: 1}
  m_Children: []
  m_Father: {fileID: 6167994647445934198}
  m_RootOrder: 1
  m_LocalEulerAnglesHint: {x: 0, y: 0, z: 0}
--- !u!114 &4845875796088384923
MonoBehaviour:
  m_ObjectHideFlags: 0
  m_CorrespondingSourceObject: {fileID: 0}
  m_PrefabInstance: {fileID: 0}
  m_PrefabAsset: {fileID: 0}
  m_GameObject: {fileID: 6329531408641547618}
  m_Enabled: 1
  m_EditorHideFlags: 0
  m_Script: {fileID: 11500000, guid: 3e92578cb29fffb4db869246a8ddd57d, type: 3}
  m_Name: 
  m_EditorClassIdentifier: 
  StoryLineID: GoodPointPrompt_02
  StoryLineType: 7
  Duration: 2
  ENG: 
  JP: 
  CH: "\u4E5F\u8A31\u4F60\u5011\u9019\u6B21\u80FD\u641E\u61C2\u4E86\u3002"
  NextLineID: 
  AutoFinish: 1
--- !u!1 &6737394754886246342
GameObject:
  m_ObjectHideFlags: 0
  m_CorrespondingSourceObject: {fileID: 0}
  m_PrefabInstance: {fileID: 0}
  m_PrefabAsset: {fileID: 0}
  serializedVersion: 6
  m_Component:
  - component: {fileID: 273143566304194059}
  - component: {fileID: 515032383251321140}
  m_Layer: 0
  m_Name: StoryLineObject (1)
  m_TagString: Untagged
  m_Icon: {fileID: 0}
  m_NavMeshLayer: 0
  m_StaticEditorFlags: 0
  m_IsActive: 1
--- !u!4 &273143566304194059
Transform:
  m_ObjectHideFlags: 0
  m_CorrespondingSourceObject: {fileID: 0}
  m_PrefabInstance: {fileID: 0}
  m_PrefabAsset: {fileID: 0}
  m_GameObject: {fileID: 6737394754886246342}
  m_LocalRotation: {x: 0, y: 0, z: 0, w: 1}
  m_LocalPosition: {x: 0, y: 0, z: 0}
  m_LocalScale: {x: 1, y: 1, z: 1}
  m_Children: []
  m_Father: {fileID: 7685542415802327629}
  m_RootOrder: 1
  m_LocalEulerAnglesHint: {x: 0, y: 0, z: 0}
--- !u!114 &515032383251321140
MonoBehaviour:
  m_ObjectHideFlags: 0
  m_CorrespondingSourceObject: {fileID: 0}
  m_PrefabInstance: {fileID: 0}
  m_PrefabAsset: {fileID: 0}
  m_GameObject: {fileID: 6737394754886246342}
  m_Enabled: 1
  m_EditorHideFlags: 0
  m_Script: {fileID: 11500000, guid: 3e92578cb29fffb4db869246a8ddd57d, type: 3}
  m_Name: 
  m_EditorClassIdentifier: 
  StoryLineID: FirstPrompt_02
  StoryLineType: 4
  Duration: 2
  ENG: 
  JP: 
  CH: "\u5929\u554A\uFF0C\u4E00\u5207\u90FD\u88AB\u641E\u4E82\u4E86\u3002"
  NextLineID: 
  AutoFinish: 1
--- !u!1 &6761773989833686966
GameObject:
  m_ObjectHideFlags: 0
  m_CorrespondingSourceObject: {fileID: 0}
  m_PrefabInstance: {fileID: 0}
  m_PrefabAsset: {fileID: 0}
  serializedVersion: 6
  m_Component:
  - component: {fileID: 2249935908021024009}
  - component: {fileID: 5543806196915599097}
  m_Layer: 0
  m_Name: StoryLineObject (1)
  m_TagString: Untagged
  m_Icon: {fileID: 0}
  m_NavMeshLayer: 0
  m_StaticEditorFlags: 0
  m_IsActive: 1
--- !u!4 &2249935908021024009
Transform:
  m_ObjectHideFlags: 0
  m_CorrespondingSourceObject: {fileID: 0}
  m_PrefabInstance: {fileID: 0}
  m_PrefabAsset: {fileID: 0}
  m_GameObject: {fileID: 6761773989833686966}
  m_LocalRotation: {x: 0, y: 0, z: 0, w: 1}
  m_LocalPosition: {x: 0, y: 0, z: 0}
  m_LocalScale: {x: 1, y: 1, z: 1}
  m_Children: []
  m_Father: {fileID: 4391742065797590818}
  m_RootOrder: 1
  m_LocalEulerAnglesHint: {x: 0, y: 0, z: 0}
--- !u!114 &5543806196915599097
MonoBehaviour:
  m_ObjectHideFlags: 0
  m_CorrespondingSourceObject: {fileID: 0}
  m_PrefabInstance: {fileID: 0}
  m_PrefabAsset: {fileID: 0}
  m_GameObject: {fileID: 6761773989833686966}
  m_Enabled: 1
  m_EditorHideFlags: 0
  m_Script: {fileID: 11500000, guid: 3e92578cb29fffb4db869246a8ddd57d, type: 3}
  m_Name: 
  m_EditorClassIdentifier: 
  StoryLineID: BackToStartLine_02
  StoryLineType: 2
  Duration: 2
  ENG: 
  JP: 
  CH: "\u597D\uFF0C\u6211\u5011\u525B\u525B\u8AAA\u5230\u54EA\u4E86?"
  NextLineID: BackToStartLine_03
  AutoFinish: 0
--- !u!1 &6806160270718128773
GameObject:
  m_ObjectHideFlags: 0
  m_CorrespondingSourceObject: {fileID: 0}
  m_PrefabInstance: {fileID: 0}
  m_PrefabAsset: {fileID: 0}
  serializedVersion: 6
  m_Component:
  - component: {fileID: 5003098587042133449}
  - component: {fileID: 3772481121465623651}
  m_Layer: 0
  m_Name: StoryLineObject (3)
  m_TagString: Untagged
  m_Icon: {fileID: 0}
  m_NavMeshLayer: 0
  m_StaticEditorFlags: 0
  m_IsActive: 1
--- !u!4 &5003098587042133449
Transform:
  m_ObjectHideFlags: 0
  m_CorrespondingSourceObject: {fileID: 0}
  m_PrefabInstance: {fileID: 0}
  m_PrefabAsset: {fileID: 0}
  m_GameObject: {fileID: 6806160270718128773}
  m_LocalRotation: {x: 0, y: 0, z: 0, w: 1}
  m_LocalPosition: {x: 0, y: 0, z: 0}
  m_LocalScale: {x: 1, y: 1, z: 1}
  m_Children: []
  m_Father: {fileID: 4951274145015390158}
  m_RootOrder: 3
  m_LocalEulerAnglesHint: {x: 0, y: 0, z: 0}
--- !u!114 &3772481121465623651
MonoBehaviour:
  m_ObjectHideFlags: 0
  m_CorrespondingSourceObject: {fileID: 0}
  m_PrefabInstance: {fileID: 0}
  m_PrefabAsset: {fileID: 0}
  m_GameObject: {fileID: 6806160270718128773}
  m_Enabled: 1
  m_EditorHideFlags: 0
  m_Script: {fileID: 11500000, guid: 3e92578cb29fffb4db869246a8ddd57d, type: 3}
  m_Name: 
  m_EditorClassIdentifier: 
  StoryLineID: LoopStartLine_04
  StoryLineType: 1
  Duration: 2
  ENG: 
  JP: 
  CH: "\u505C\u4E0B\u4F86!!"
  NextLineID: LoopStartLine_05
  AutoFinish: 0
--- !u!1 &7020067103792542669
GameObject:
  m_ObjectHideFlags: 0
  m_CorrespondingSourceObject: {fileID: 0}
  m_PrefabInstance: {fileID: 0}
  m_PrefabAsset: {fileID: 0}
  serializedVersion: 6
  m_Component:
  - component: {fileID: 145618807893818544}
  - component: {fileID: 5044523318552762349}
  m_Layer: 0
  m_Name: StoryLineObject (4)
  m_TagString: Untagged
  m_Icon: {fileID: 0}
  m_NavMeshLayer: 0
  m_StaticEditorFlags: 0
  m_IsActive: 1
--- !u!4 &145618807893818544
Transform:
  m_ObjectHideFlags: 0
  m_CorrespondingSourceObject: {fileID: 0}
  m_PrefabInstance: {fileID: 0}
  m_PrefabAsset: {fileID: 0}
  m_GameObject: {fileID: 7020067103792542669}
  m_LocalRotation: {x: 0, y: 0, z: 0, w: 1}
  m_LocalPosition: {x: 0, y: 0, z: 0}
  m_LocalScale: {x: 1, y: 1, z: 1}
  m_Children: []
  m_Father: {fileID: 5989953405694045645}
  m_RootOrder: 4
  m_LocalEulerAnglesHint: {x: 0, y: 0, z: 0}
--- !u!114 &5044523318552762349
MonoBehaviour:
  m_ObjectHideFlags: 0
  m_CorrespondingSourceObject: {fileID: 0}
  m_PrefabInstance: {fileID: 0}
  m_PrefabAsset: {fileID: 0}
  m_GameObject: {fileID: 7020067103792542669}
  m_Enabled: 1
  m_EditorHideFlags: 0
  m_Script: {fileID: 11500000, guid: 3e92578cb29fffb4db869246a8ddd57d, type: 3}
  m_Name: 
  m_EditorClassIdentifier: 
  StoryLineID: GameStartLine_05
  StoryLineType: 3
  Duration: 2
  ENG: 
  JP: 
  CH: "\u9019\u6A23\u6C92\u6642\u9593\u597D\u597D\u8AAA\u6545\u4E8B\u4E86\uFF0C\u5FEB\u52D5\u52D5\u4F60\u5011\u8EAB\u9AD4!"
  NextLineID: GameStartLine_06
  AutoFinish: 1
--- !u!1 &7020933570860134370
GameObject:
  m_ObjectHideFlags: 0
  m_CorrespondingSourceObject: {fileID: 0}
  m_PrefabInstance: {fileID: 0}
  m_PrefabAsset: {fileID: 0}
  serializedVersion: 6
  m_Component:
  - component: {fileID: 1849312637250751632}
  - component: {fileID: 4531489292679145729}
  m_Layer: 0
  m_Name: StoryLineObject (2)
  m_TagString: Untagged
  m_Icon: {fileID: 0}
  m_NavMeshLayer: 0
  m_StaticEditorFlags: 0
  m_IsActive: 1
--- !u!4 &1849312637250751632
Transform:
  m_ObjectHideFlags: 0
  m_CorrespondingSourceObject: {fileID: 0}
  m_PrefabInstance: {fileID: 0}
  m_PrefabAsset: {fileID: 0}
  m_GameObject: {fileID: 7020933570860134370}
  m_LocalRotation: {x: 0, y: 0, z: 0, w: 1}
  m_LocalPosition: {x: 0, y: 0, z: 0}
  m_LocalScale: {x: 1, y: 1, z: 1}
  m_Children: []
  m_Father: {fileID: 6167994647445934198}
  m_RootOrder: 2
  m_LocalEulerAnglesHint: {x: 0, y: 0, z: 0}
--- !u!114 &4531489292679145729
MonoBehaviour:
  m_ObjectHideFlags: 0
  m_CorrespondingSourceObject: {fileID: 0}
  m_PrefabInstance: {fileID: 0}
  m_PrefabAsset: {fileID: 0}
  m_GameObject: {fileID: 7020933570860134370}
  m_Enabled: 1
  m_EditorHideFlags: 0
  m_Script: {fileID: 11500000, guid: 3e92578cb29fffb4db869246a8ddd57d, type: 3}
  m_Name: 
  m_EditorClassIdentifier: 
  StoryLineID: GoodPointPrompt_03
  StoryLineType: 7
  Duration: 2
  ENG: 
  JP: 
  CH: "\u6240\u4EE5\uFF0C\u4F60\u5011\u767C\u73FE\u4E86\u55CE?"
  NextLineID: 
  AutoFinish: 1
--- !u!1 &7137310292563291749
GameObject:
  m_ObjectHideFlags: 0
  m_CorrespondingSourceObject: {fileID: 0}
  m_PrefabInstance: {fileID: 0}
  m_PrefabAsset: {fileID: 0}
  serializedVersion: 6
  m_Component:
  - component: {fileID: 452921096458215984}
  - component: {fileID: 7830164470024668335}
  m_Layer: 0
  m_Name: StoryLineObject (10)
  m_TagString: Untagged
  m_Icon: {fileID: 0}
  m_NavMeshLayer: 0
  m_StaticEditorFlags: 0
  m_IsActive: 1
--- !u!4 &452921096458215984
Transform:
  m_ObjectHideFlags: 0
  m_CorrespondingSourceObject: {fileID: 0}
  m_PrefabInstance: {fileID: 0}
  m_PrefabAsset: {fileID: 0}
  m_GameObject: {fileID: 7137310292563291749}
  m_LocalRotation: {x: 0, y: 0, z: 0, w: 1}
  m_LocalPosition: {x: 0, y: 0, z: 0}
  m_LocalScale: {x: 1, y: 1, z: 1}
  m_Children: []
  m_Father: {fileID: 273422402940756621}
  m_RootOrder: 12
  m_LocalEulerAnglesHint: {x: 0, y: 0, z: 0}
--- !u!114 &7830164470024668335
MonoBehaviour:
  m_ObjectHideFlags: 0
  m_CorrespondingSourceObject: {fileID: 0}
  m_PrefabInstance: {fileID: 0}
  m_PrefabAsset: {fileID: 0}
  m_GameObject: {fileID: 7137310292563291749}
  m_Enabled: 1
  m_EditorHideFlags: 0
  m_Script: {fileID: 11500000, guid: 3e92578cb29fffb4db869246a8ddd57d, type: 3}
  m_Name: 
  m_EditorClassIdentifier: 
  StoryLineID: StartLine_11
  StoryLineType: 0
  Duration: 2
  ENG: 
  JP: 
  CH: "\u6700\u5F8C\uFF0C\u518D\u52A0\u4E0A\u4E00\u5C0D\u5144\u59B9\u5C31\u5B8C\u6210\u62C9!"
  NextLineID: StartLine_12
  AutoFinish: 0
--- !u!1 &7275387748044680894
GameObject:
  m_ObjectHideFlags: 0
  m_CorrespondingSourceObject: {fileID: 0}
  m_PrefabInstance: {fileID: 0}
  m_PrefabAsset: {fileID: 0}
  serializedVersion: 6
  m_Component:
  - component: {fileID: 5989953405694045645}
  m_Layer: 0
  m_Name: GameStartLine
  m_TagString: Untagged
  m_Icon: {fileID: 0}
  m_NavMeshLayer: 0
  m_StaticEditorFlags: 0
  m_IsActive: 1
--- !u!4 &5989953405694045645
Transform:
  m_ObjectHideFlags: 0
  m_CorrespondingSourceObject: {fileID: 0}
  m_PrefabInstance: {fileID: 0}
  m_PrefabAsset: {fileID: 0}
  m_GameObject: {fileID: 7275387748044680894}
  m_LocalRotation: {x: 0, y: 0, z: 0, w: 1}
  m_LocalPosition: {x: 0, y: 0, z: 0}
  m_LocalScale: {x: 1, y: 1, z: 1}
  m_Children:
  - {fileID: 3336622589119850000}
  - {fileID: 7892865606786368437}
  - {fileID: 5448680593966429401}
  - {fileID: 684178439089924732}
  - {fileID: 145618807893818544}
  - {fileID: 766177440998969492}
  - {fileID: 5489580414976645450}
  - {fileID: 4512669963858223037}
  - {fileID: 3237180542431959084}
  - {fileID: 1196760173638689194}
  m_Father: {fileID: 6173386176288875950}
  m_RootOrder: 3
  m_LocalEulerAnglesHint: {x: 0, y: 0, z: 0}
--- !u!1 &7304755858966808852
GameObject:
  m_ObjectHideFlags: 0
  m_CorrespondingSourceObject: {fileID: 0}
  m_PrefabInstance: {fileID: 0}
  m_PrefabAsset: {fileID: 0}
  serializedVersion: 6
  m_Component:
  - component: {fileID: 6634273683894706968}
  - component: {fileID: 7468500372495705933}
  m_Layer: 0
  m_Name: StoryLineObject (5)
  m_TagString: Untagged
  m_Icon: {fileID: 0}
  m_NavMeshLayer: 0
  m_StaticEditorFlags: 0
  m_IsActive: 1
--- !u!4 &6634273683894706968
Transform:
  m_ObjectHideFlags: 0
  m_CorrespondingSourceObject: {fileID: 0}
  m_PrefabInstance: {fileID: 0}
  m_PrefabAsset: {fileID: 0}
  m_GameObject: {fileID: 7304755858966808852}
  m_LocalRotation: {x: 0, y: 0, z: 0, w: 1}
  m_LocalPosition: {x: 0, y: 0, z: 0}
  m_LocalScale: {x: 1, y: 1, z: 1}
  m_Children: []
  m_Father: {fileID: 273422402940756621}
  m_RootOrder: 7
  m_LocalEulerAnglesHint: {x: 0, y: 0, z: 0}
--- !u!114 &7468500372495705933
MonoBehaviour:
  m_ObjectHideFlags: 0
  m_CorrespondingSourceObject: {fileID: 0}
  m_PrefabInstance: {fileID: 0}
  m_PrefabAsset: {fileID: 0}
  m_GameObject: {fileID: 7304755858966808852}
  m_Enabled: 1
  m_EditorHideFlags: 0
  m_Script: {fileID: 11500000, guid: 3e92578cb29fffb4db869246a8ddd57d, type: 3}
  m_Name: 
  m_EditorClassIdentifier: 
  StoryLineID: StartLine_06
  StoryLineType: 0
  Duration: 2
  ENG: 
  JP: 
  CH: "\u597D~\u8B93\u6211\u5011\u958B\u59CB\u5427\u3002"
  NextLineID: StartLine_07
  AutoFinish: 0
--- !u!1 &7417051129826212797
GameObject:
  m_ObjectHideFlags: 0
  m_CorrespondingSourceObject: {fileID: 0}
  m_PrefabInstance: {fileID: 0}
  m_PrefabAsset: {fileID: 0}
  serializedVersion: 6
  m_Component:
  - component: {fileID: 769112926575475599}
  - component: {fileID: 3425426931069155194}
  m_Layer: 0
  m_Name: StoryLineObject
  m_TagString: Untagged
  m_Icon: {fileID: 0}
  m_NavMeshLayer: 0
  m_StaticEditorFlags: 0
  m_IsActive: 1
--- !u!4 &769112926575475599
Transform:
  m_ObjectHideFlags: 0
  m_CorrespondingSourceObject: {fileID: 0}
  m_PrefabInstance: {fileID: 0}
  m_PrefabAsset: {fileID: 0}
  m_GameObject: {fileID: 7417051129826212797}
  m_LocalRotation: {x: 0, y: 0, z: 0, w: 1}
  m_LocalPosition: {x: 0, y: 0, z: 0}
  m_LocalScale: {x: 1, y: 1, z: 1}
  m_Children: []
  m_Father: {fileID: 3852194255806603658}
  m_RootOrder: 0
  m_LocalEulerAnglesHint: {x: 0, y: 0, z: 0}
--- !u!114 &3425426931069155194
MonoBehaviour:
  m_ObjectHideFlags: 0
  m_CorrespondingSourceObject: {fileID: 0}
  m_PrefabInstance: {fileID: 0}
  m_PrefabAsset: {fileID: 0}
  m_GameObject: {fileID: 7417051129826212797}
  m_Enabled: 1
  m_EditorHideFlags: 0
  m_Script: {fileID: 11500000, guid: 3e92578cb29fffb4db869246a8ddd57d, type: 3}
  m_Name: 
  m_EditorClassIdentifier: 
  StoryLineID: GoodEnd_01
  StoryLineType: 7
  Duration: 2
  ENG: 
  JP: 
  CH: "\u6069...\u6240\u4EE5\u9019\u4E9B\u4EBA\u751F\u7684\u9CE5\u4E8B\u7D42\u7A76\u9084\u662F\u6DF9\u6C92\u4F60\u5011\u4E86\u55CE? "
  NextLineID: GoodEnd_02
  AutoFinish: 1
--- !u!1 &7774140683889521528
GameObject:
  m_ObjectHideFlags: 0
  m_CorrespondingSourceObject: {fileID: 0}
  m_PrefabInstance: {fileID: 0}
  m_PrefabAsset: {fileID: 0}
  serializedVersion: 6
  m_Component:
  - component: {fileID: 1231704617305146103}
  - component: {fileID: 2837961225356750677}
  m_Layer: 0
  m_Name: StoryLineObject
  m_TagString: Untagged
  m_Icon: {fileID: 0}
  m_NavMeshLayer: 0
  m_StaticEditorFlags: 0
  m_IsActive: 1
--- !u!4 &1231704617305146103
Transform:
  m_ObjectHideFlags: 0
  m_CorrespondingSourceObject: {fileID: 0}
  m_PrefabInstance: {fileID: 0}
  m_PrefabAsset: {fileID: 0}
  m_GameObject: {fileID: 7774140683889521528}
  m_LocalRotation: {x: 0, y: 0, z: 0, w: 1}
  m_LocalPosition: {x: 0, y: 0, z: 0}
  m_LocalScale: {x: 1, y: 1, z: 1}
  m_Children: []
  m_Father: {fileID: 273422402940756621}
  m_RootOrder: 0
  m_LocalEulerAnglesHint: {x: 0, y: 0, z: 0}
--- !u!114 &2837961225356750677
MonoBehaviour:
  m_ObjectHideFlags: 0
  m_CorrespondingSourceObject: {fileID: 0}
  m_PrefabInstance: {fileID: 0}
  m_PrefabAsset: {fileID: 0}
  m_GameObject: {fileID: 7774140683889521528}
  m_Enabled: 1
  m_EditorHideFlags: 0
  m_Script: {fileID: 11500000, guid: 3e92578cb29fffb4db869246a8ddd57d, type: 3}
  m_Name: 
  m_EditorClassIdentifier: 
  StoryLineID: StartLine_01
  StoryLineType: 0
  Duration: 2
  ENG: 
  JP: 
  CH: "\u563F! \u4F60\u597D\u554A~"
  NextLineID: StartLine_03-3
  AutoFinish: 0
--- !u!1 &7901550721332178173
GameObject:
  m_ObjectHideFlags: 0
  m_CorrespondingSourceObject: {fileID: 0}
  m_PrefabInstance: {fileID: 0}
  m_PrefabAsset: {fileID: 0}
  serializedVersion: 6
  m_Component:
  - component: {fileID: 8925945753421713015}
  - component: {fileID: 3457199369815403012}
  m_Layer: 0
  m_Name: StoryLineObject (1)
  m_TagString: Untagged
  m_Icon: {fileID: 0}
  m_NavMeshLayer: 0
  m_StaticEditorFlags: 0
  m_IsActive: 1
--- !u!4 &8925945753421713015
Transform:
  m_ObjectHideFlags: 0
  m_CorrespondingSourceObject: {fileID: 0}
  m_PrefabInstance: {fileID: 0}
  m_PrefabAsset: {fileID: 0}
  m_GameObject: {fileID: 7901550721332178173}
  m_LocalRotation: {x: 0, y: 0, z: 0, w: 1}
  m_LocalPosition: {x: 0, y: 0, z: 0}
  m_LocalScale: {x: 1, y: 1, z: 1}
  m_Children: []
  m_Father: {fileID: 273422402940756621}
  m_RootOrder: 1
  m_LocalEulerAnglesHint: {x: 0, y: 0, z: 0}
--- !u!114 &3457199369815403012
MonoBehaviour:
  m_ObjectHideFlags: 0
  m_CorrespondingSourceObject: {fileID: 0}
  m_PrefabInstance: {fileID: 0}
  m_PrefabAsset: {fileID: 0}
  m_GameObject: {fileID: 7901550721332178173}
  m_Enabled: 1
  m_EditorHideFlags: 0
  m_Script: {fileID: 11500000, guid: 3e92578cb29fffb4db869246a8ddd57d, type: 3}
  m_Name: 
  m_EditorClassIdentifier: 
  StoryLineID: StartLine_02
  StoryLineType: 0
  Duration: 2
  ENG: 
  JP: 
  CH: "\u60F3\u807D\u500B\u6545\u4E8B\u55CE?"
  NextLineID: 
  AutoFinish: 0
--- !u!1 &8134407416706823858
GameObject:
  m_ObjectHideFlags: 0
  m_CorrespondingSourceObject: {fileID: 0}
  m_PrefabInstance: {fileID: 0}
  m_PrefabAsset: {fileID: 0}
  serializedVersion: 6
  m_Component:
  - component: {fileID: 3852194255806603658}
  m_Layer: 0
  m_Name: GoodEnd
  m_TagString: Untagged
  m_Icon: {fileID: 0}
  m_NavMeshLayer: 0
  m_StaticEditorFlags: 0
  m_IsActive: 1
--- !u!4 &3852194255806603658
Transform:
  m_ObjectHideFlags: 0
  m_CorrespondingSourceObject: {fileID: 0}
  m_PrefabInstance: {fileID: 0}
  m_PrefabAsset: {fileID: 0}
  m_GameObject: {fileID: 8134407416706823858}
  m_LocalRotation: {x: 0, y: 0, z: 0, w: 1}
  m_LocalPosition: {x: 0, y: 0, z: 0}
  m_LocalScale: {x: 1, y: 1, z: 1}
  m_Children:
  - {fileID: 769112926575475599}
  - {fileID: 1830112416036371706}
  - {fileID: 3169626502465482064}
  - {fileID: 7301816612754633986}
  m_Father: {fileID: 6173386176288875950}
  m_RootOrder: 8
  m_LocalEulerAnglesHint: {x: 0, y: 0, z: 0}
--- !u!1 &8259613645405931598
GameObject:
  m_ObjectHideFlags: 0
  m_CorrespondingSourceObject: {fileID: 0}
  m_PrefabInstance: {fileID: 0}
  m_PrefabAsset: {fileID: 0}
  serializedVersion: 6
  m_Component:
  - component: {fileID: 4512669963858223037}
  - component: {fileID: 4205274281703615504}
  m_Layer: 0
  m_Name: StoryLineObject (7)
  m_TagString: Untagged
  m_Icon: {fileID: 0}
  m_NavMeshLayer: 0
  m_StaticEditorFlags: 0
  m_IsActive: 1
--- !u!4 &4512669963858223037
Transform:
  m_ObjectHideFlags: 0
  m_CorrespondingSourceObject: {fileID: 0}
  m_PrefabInstance: {fileID: 0}
  m_PrefabAsset: {fileID: 0}
  m_GameObject: {fileID: 8259613645405931598}
  m_LocalRotation: {x: 0, y: 0, z: 0, w: 1}
  m_LocalPosition: {x: 0, y: 0, z: 0}
  m_LocalScale: {x: 1, y: 1, z: 1}
  m_Children: []
  m_Father: {fileID: 5989953405694045645}
  m_RootOrder: 7
  m_LocalEulerAnglesHint: {x: 0, y: 0, z: 0}
--- !u!114 &4205274281703615504
MonoBehaviour:
  m_ObjectHideFlags: 0
  m_CorrespondingSourceObject: {fileID: 0}
  m_PrefabInstance: {fileID: 0}
  m_PrefabAsset: {fileID: 0}
  m_GameObject: {fileID: 8259613645405931598}
  m_Enabled: 1
  m_EditorHideFlags: 0
  m_Script: {fileID: 11500000, guid: 3e92578cb29fffb4db869246a8ddd57d, type: 3}
  m_Name: 
  m_EditorClassIdentifier: 
  StoryLineID: GameStartLine_08
  StoryLineType: 3
  Duration: 2
  ENG: 
  JP: 
  CH: "\u4F46\u662F\u4F60\u5011\u6703\u4E86\u89E3\u7684!"
  NextLineID: GameStartLine_09
  AutoFinish: 1
--- !u!1 &8652236460147616094
GameObject:
  m_ObjectHideFlags: 0
  m_CorrespondingSourceObject: {fileID: 0}
  m_PrefabInstance: {fileID: 0}
  m_PrefabAsset: {fileID: 0}
  serializedVersion: 6
  m_Component:
  - component: {fileID: 5489580414976645450}
  - component: {fileID: 557237210063564602}
  m_Layer: 0
  m_Name: StoryLineObject (6)
  m_TagString: Untagged
  m_Icon: {fileID: 0}
  m_NavMeshLayer: 0
  m_StaticEditorFlags: 0
  m_IsActive: 1
--- !u!4 &5489580414976645450
Transform:
  m_ObjectHideFlags: 0
  m_CorrespondingSourceObject: {fileID: 0}
  m_PrefabInstance: {fileID: 0}
  m_PrefabAsset: {fileID: 0}
  m_GameObject: {fileID: 8652236460147616094}
  m_LocalRotation: {x: 0, y: 0, z: 0, w: 1}
  m_LocalPosition: {x: 0, y: 0, z: 0}
  m_LocalScale: {x: 1, y: 1, z: 1}
  m_Children: []
  m_Father: {fileID: 5989953405694045645}
  m_RootOrder: 6
  m_LocalEulerAnglesHint: {x: 0, y: 0, z: 0}
--- !u!114 &557237210063564602
MonoBehaviour:
  m_ObjectHideFlags: 0
  m_CorrespondingSourceObject: {fileID: 0}
  m_PrefabInstance: {fileID: 0}
  m_PrefabAsset: {fileID: 0}
  m_GameObject: {fileID: 8652236460147616094}
  m_Enabled: 1
  m_EditorHideFlags: 0
  m_Script: {fileID: 11500000, guid: 3e92578cb29fffb4db869246a8ddd57d, type: 3}
  m_Name: 
  m_EditorClassIdentifier: 
  StoryLineID: GameStartLine_07
  StoryLineType: 3
  Duration: 2
  ENG: 
  JP: 
  CH: "\"\u66B4\u96F7\u4E00\u6642\u723D\uFF0C\u5168\u5BB6\u706B\u846C\u5834\"\uFF0C\u6211\u4E0D\u80FD\u544A\u8A34\u6211\u5011\u8A72\u600E\u9EBC\u505A\uFF0C"
  NextLineID: GameStartLine_08
  AutoFinish: 1
--- !u!1 &8660908452885306702
GameObject:
  m_ObjectHideFlags: 0
  m_CorrespondingSourceObject: {fileID: 0}
  m_PrefabInstance: {fileID: 0}
  m_PrefabAsset: {fileID: 0}
  serializedVersion: 6
  m_Component:
  - component: {fileID: 8532524868286227765}
  - component: {fileID: 7419036564329682319}
  m_Layer: 0
  m_Name: StoryLineObject (8)
  m_TagString: Untagged
  m_Icon: {fileID: 0}
  m_NavMeshLayer: 0
  m_StaticEditorFlags: 0
  m_IsActive: 1
--- !u!4 &8532524868286227765
Transform:
  m_ObjectHideFlags: 0
  m_CorrespondingSourceObject: {fileID: 0}
  m_PrefabInstance: {fileID: 0}
  m_PrefabAsset: {fileID: 0}
  m_GameObject: {fileID: 8660908452885306702}
  m_LocalRotation: {x: 0, y: 0, z: 0, w: 1}
  m_LocalPosition: {x: 0, y: 0, z: 0}
  m_LocalScale: {x: 1, y: 1, z: 1}
  m_Children: []
  m_Father: {fileID: 273422402940756621}
  m_RootOrder: 10
  m_LocalEulerAnglesHint: {x: 0, y: 0, z: 0}
--- !u!114 &7419036564329682319
MonoBehaviour:
  m_ObjectHideFlags: 0
  m_CorrespondingSourceObject: {fileID: 0}
  m_PrefabInstance: {fileID: 0}
  m_PrefabAsset: {fileID: 0}
  m_GameObject: {fileID: 8660908452885306702}
  m_Enabled: 1
  m_EditorHideFlags: 0
  m_Script: {fileID: 11500000, guid: 3e92578cb29fffb4db869246a8ddd57d, type: 3}
  m_Name: 
  m_EditorClassIdentifier: 
  StoryLineID: StartLine_09
  StoryLineType: 0
  Duration: 2
  ENG: 
  JP: 
  CH: "\u518D\u4F86\uFF0C\u6211\u5011\u9700\u8981\u4E00\u500B\u5ABD\u5ABD\uFF0C"
  NextLineID: StartLine_10
  AutoFinish: 0
--- !u!1 &8738946354649545108
GameObject:
  m_ObjectHideFlags: 0
  m_CorrespondingSourceObject: {fileID: 0}
  m_PrefabInstance: {fileID: 0}
  m_PrefabAsset: {fileID: 0}
  serializedVersion: 6
  m_Component:
  - component: {fileID: 1196760173638689194}
  - component: {fileID: 5319461006084365614}
  m_Layer: 0
  m_Name: StoryLineObject (9)
  m_TagString: Untagged
  m_Icon: {fileID: 0}
  m_NavMeshLayer: 0
  m_StaticEditorFlags: 0
  m_IsActive: 1
--- !u!4 &1196760173638689194
Transform:
  m_ObjectHideFlags: 0
  m_CorrespondingSourceObject: {fileID: 0}
  m_PrefabInstance: {fileID: 0}
  m_PrefabAsset: {fileID: 0}
  m_GameObject: {fileID: 8738946354649545108}
  m_LocalRotation: {x: 0, y: 0, z: 0, w: 1}
  m_LocalPosition: {x: 0, y: 0, z: 0}
  m_LocalScale: {x: 1, y: 1, z: 1}
  m_Children: []
  m_Father: {fileID: 5989953405694045645}
  m_RootOrder: 9
  m_LocalEulerAnglesHint: {x: 0, y: 0, z: 0}
--- !u!114 &5319461006084365614
MonoBehaviour:
  m_ObjectHideFlags: 0
  m_CorrespondingSourceObject: {fileID: 0}
  m_PrefabInstance: {fileID: 0}
  m_PrefabAsset: {fileID: 0}
  m_GameObject: {fileID: 8738946354649545108}
  m_Enabled: 1
  m_EditorHideFlags: 0
  m_Script: {fileID: 11500000, guid: 3e92578cb29fffb4db869246a8ddd57d, type: 3}
  m_Name: 
  m_EditorClassIdentifier: 
  StoryLineID: GameStartLine_10
  StoryLineType: 3
  Duration: 2
  ENG: 
  JP: 
  CH: "\u90A3\u6A23\u4F60\u5011\u5C31\u6703\u77AD\u89E3\u4E86!"
  NextLineID: 
  AutoFinish: 1
--- !u!1 &8803985280193230558
GameObject:
  m_ObjectHideFlags: 0
  m_CorrespondingSourceObject: {fileID: 0}
  m_PrefabInstance: {fileID: 0}
  m_PrefabAsset: {fileID: 0}
  serializedVersion: 6
  m_Component:
  - component: {fileID: 6465182851873469544}
  - component: {fileID: 4014593571676305979}
  m_Layer: 0
  m_Name: StoryLineObject (2)-3
  m_TagString: Untagged
  m_Icon: {fileID: 0}
  m_NavMeshLayer: 0
  m_StaticEditorFlags: 0
  m_IsActive: 1
--- !u!4 &6465182851873469544
Transform:
  m_ObjectHideFlags: 0
  m_CorrespondingSourceObject: {fileID: 0}
  m_PrefabInstance: {fileID: 0}
  m_PrefabAsset: {fileID: 0}
  m_GameObject: {fileID: 8803985280193230558}
  m_LocalRotation: {x: -0, y: -0, z: -0, w: 1}
  m_LocalPosition: {x: 0, y: 0, z: 0}
  m_LocalScale: {x: 1, y: 1, z: 1}
  m_Children: []
  m_Father: {fileID: 273422402940756621}
  m_RootOrder: 4
  m_LocalEulerAnglesHint: {x: 0, y: 0, z: 0}
--- !u!114 &4014593571676305979
MonoBehaviour:
  m_ObjectHideFlags: 0
  m_CorrespondingSourceObject: {fileID: 0}
  m_PrefabInstance: {fileID: 0}
  m_PrefabAsset: {fileID: 0}
  m_GameObject: {fileID: 8803985280193230558}
  m_Enabled: 1
  m_EditorHideFlags: 0
  m_Script: {fileID: 11500000, guid: 3e92578cb29fffb4db869246a8ddd57d, type: 3}
  m_Name: 
  m_EditorClassIdentifier: 
  StoryLineID: StartLine_03-3
  StoryLineType: 0
  Duration: 2
  ENG: 
  JP: 
  CH: "\u8B93\u6211\u4F86\u544A\u8A34\u4F60\u4E00\u500B\u6545\u4E8B\u5427"
  NextLineID: StartLine_04
  AutoFinish: 0
--- !u!1 &8894270324230070013
GameObject:
  m_ObjectHideFlags: 0
  m_CorrespondingSourceObject: {fileID: 0}
  m_PrefabInstance: {fileID: 0}
  m_PrefabAsset: {fileID: 0}
  serializedVersion: 6
  m_Component:
  - component: {fileID: 4592696767261791016}
  - component: {fileID: 6955605150951293715}
  m_Layer: 0
  m_Name: StoryLineObject (3)
  m_TagString: Untagged
  m_Icon: {fileID: 0}
  m_NavMeshLayer: 0
  m_StaticEditorFlags: 0
  m_IsActive: 1
--- !u!4 &4592696767261791016
Transform:
  m_ObjectHideFlags: 0
  m_CorrespondingSourceObject: {fileID: 0}
  m_PrefabInstance: {fileID: 0}
  m_PrefabAsset: {fileID: 0}
  m_GameObject: {fileID: 8894270324230070013}
  m_LocalRotation: {x: 0, y: 0, z: 0, w: 1}
  m_LocalPosition: {x: 0, y: 0, z: 0}
  m_LocalScale: {x: 1, y: 1, z: 1}
  m_Children: []
  m_Father: {fileID: 273422402940756621}
  m_RootOrder: 5
  m_LocalEulerAnglesHint: {x: 0, y: 0, z: 0}
--- !u!114 &6955605150951293715
MonoBehaviour:
  m_ObjectHideFlags: 0
  m_CorrespondingSourceObject: {fileID: 0}
  m_PrefabInstance: {fileID: 0}
  m_PrefabAsset: {fileID: 0}
  m_GameObject: {fileID: 8894270324230070013}
  m_Enabled: 1
  m_EditorHideFlags: 0
  m_Script: {fileID: 11500000, guid: 3e92578cb29fffb4db869246a8ddd57d, type: 3}
  m_Name: 
  m_EditorClassIdentifier: 
  StoryLineID: StartLine_04
  StoryLineType: 0
  Duration: 2
  ENG: 
  JP: 
  CH: "\u6211\u60F3\u9019\u662F\u500B4\u500B\u4EBA\u4E00\u8D77\u807D\uFF0C\u6703\u662F\u500B\u5F88\u68D2\u7684\u6545\u4E8B\u3002"
  NextLineID: StartLine_05
  AutoFinish: 0
--- !u!1 &8931934536525827237
GameObject:
  m_ObjectHideFlags: 0
  m_CorrespondingSourceObject: {fileID: 0}
  m_PrefabInstance: {fileID: 0}
  m_PrefabAsset: {fileID: 0}
  serializedVersion: 6
  m_Component:
  - component: {fileID: 4391742065797590818}
  m_Layer: 0
  m_Name: BackToStartLine
  m_TagString: Untagged
  m_Icon: {fileID: 0}
  m_NavMeshLayer: 0
  m_StaticEditorFlags: 0
  m_IsActive: 1
--- !u!4 &4391742065797590818
Transform:
  m_ObjectHideFlags: 0
  m_CorrespondingSourceObject: {fileID: 0}
  m_PrefabInstance: {fileID: 0}
  m_PrefabAsset: {fileID: 0}
  m_GameObject: {fileID: 8931934536525827237}
  m_LocalRotation: {x: 0, y: 0, z: 0, w: 1}
  m_LocalPosition: {x: 0, y: 0, z: 0}
  m_LocalScale: {x: 1, y: 1, z: 1}
  m_Children:
  - {fileID: 7085245609033192000}
  - {fileID: 2249935908021024009}
  - {fileID: 3971532946374685832}
  m_Father: {fileID: 6173386176288875950}
  m_RootOrder: 2
  m_LocalEulerAnglesHint: {x: 0, y: 0, z: 0}
--- !u!1 &8962362794351705470
GameObject:
  m_ObjectHideFlags: 0
  m_CorrespondingSourceObject: {fileID: 0}
  m_PrefabInstance: {fileID: 0}
  m_PrefabAsset: {fileID: 0}
  serializedVersion: 6
  m_Component:
  - component: {fileID: 4562727380933530163}
  - component: {fileID: 1319380156604892985}
  m_Layer: 0
  m_Name: StoryLineObject (2)
  m_TagString: Untagged
  m_Icon: {fileID: 0}
  m_NavMeshLayer: 0
  m_StaticEditorFlags: 0
  m_IsActive: 1
--- !u!4 &4562727380933530163
Transform:
  m_ObjectHideFlags: 0
  m_CorrespondingSourceObject: {fileID: 0}
  m_PrefabInstance: {fileID: 0}
  m_PrefabAsset: {fileID: 0}
  m_GameObject: {fileID: 8962362794351705470}
  m_LocalRotation: {x: 0, y: 0, z: 0, w: 1}
  m_LocalPosition: {x: 0, y: 0, z: 0}
  m_LocalScale: {x: 1, y: 1, z: 1}
  m_Children: []
  m_Father: {fileID: 1124699693152659703}
  m_RootOrder: 2
  m_LocalEulerAnglesHint: {x: 0, y: 0, z: 0}
--- !u!114 &1319380156604892985
MonoBehaviour:
  m_ObjectHideFlags: 0
  m_CorrespondingSourceObject: {fileID: 0}
  m_PrefabInstance: {fileID: 0}
  m_PrefabAsset: {fileID: 0}
  m_GameObject: {fileID: 8962362794351705470}
  m_Enabled: 1
  m_EditorHideFlags: 0
  m_Script: {fileID: 11500000, guid: 3e92578cb29fffb4db869246a8ddd57d, type: 3}
  m_Name: 
  m_EditorClassIdentifier: 
  StoryLineID: LastPrompt_03
  StoryLineType: 6
  Duration: 2
  ENG: 
  JP: 
  CH: "\u60F3\u8FA6\u6CD5\u548C\u885D\u9032\u623F\u5B50\u7684\u4EBA\u5C0D\u5E79\uFF0C\u4E0D\u662F\u6211\u60F3\u8AAA\u7684!"
  NextLineID: 
  AutoFinish: 1
--- !u!1 &9048207792735976992
GameObject:
  m_ObjectHideFlags: 0
  m_CorrespondingSourceObject: {fileID: 0}
  m_PrefabInstance: {fileID: 0}
  m_PrefabAsset: {fileID: 0}
  serializedVersion: 6
  m_Component:
  - component: {fileID: 4751030398362942718}
  - component: {fileID: 6622720630023735280}
  m_Layer: 0
  m_Name: StoryLineObject (12)
  m_TagString: Untagged
  m_Icon: {fileID: 0}
  m_NavMeshLayer: 0
  m_StaticEditorFlags: 0
  m_IsActive: 1
--- !u!4 &4751030398362942718
Transform:
  m_ObjectHideFlags: 0
  m_CorrespondingSourceObject: {fileID: 0}
  m_PrefabInstance: {fileID: 0}
  m_PrefabAsset: {fileID: 0}
  m_GameObject: {fileID: 9048207792735976992}
  m_LocalRotation: {x: 0, y: 0, z: 0, w: 1}
  m_LocalPosition: {x: 0, y: 0, z: 0}
  m_LocalScale: {x: 1, y: 1, z: 1}
  m_Children: []
  m_Father: {fileID: 273422402940756621}
  m_RootOrder: 14
  m_LocalEulerAnglesHint: {x: 0, y: 0, z: 0}
--- !u!114 &6622720630023735280
MonoBehaviour:
  m_ObjectHideFlags: 0
  m_CorrespondingSourceObject: {fileID: 0}
  m_PrefabInstance: {fileID: 0}
  m_PrefabAsset: {fileID: 0}
  m_GameObject: {fileID: 9048207792735976992}
  m_Enabled: 1
  m_EditorHideFlags: 0
  m_Script: {fileID: 11500000, guid: 3e92578cb29fffb4db869246a8ddd57d, type: 3}
  m_Name: 
  m_EditorClassIdentifier: 
  StoryLineID: StartLine_13
  StoryLineType: 0
  Duration: 2
  ENG: 
  JP: 
  CH: "\u96A8\u4FBF\u62C9\uFF0C\u4F60\u5C31\u4E00\u6B21\u73A9\u5169\u500B\u89D2\u8272\u5427~"
  NextLineID: StartLine_14
  AutoFinish: 0
--- !u!1 &9178600537901008077
GameObject:
  m_ObjectHideFlags: 0
  m_CorrespondingSourceObject: {fileID: 0}
  m_PrefabInstance: {fileID: 0}
  m_PrefabAsset: {fileID: 0}
  serializedVersion: 6
  m_Component:
  - component: {fileID: 1124699693152659703}
  m_Layer: 0
  m_Name: LastPrompt
  m_TagString: Untagged
  m_Icon: {fileID: 0}
  m_NavMeshLayer: 0
  m_StaticEditorFlags: 0
  m_IsActive: 1
--- !u!4 &1124699693152659703
Transform:
  m_ObjectHideFlags: 0
  m_CorrespondingSourceObject: {fileID: 0}
  m_PrefabInstance: {fileID: 0}
  m_PrefabAsset: {fileID: 0}
  m_GameObject: {fileID: 9178600537901008077}
  m_LocalRotation: {x: 0, y: 0, z: 0, w: 1}
  m_LocalPosition: {x: 0, y: 0, z: 0}
  m_LocalScale: {x: 1, y: 1, z: 1}
  m_Children:
  - {fileID: 2555246831848474301}
  - {fileID: 7311225923616610448}
  - {fileID: 4562727380933530163}
  m_Father: {fileID: 6173386176288875950}
  m_RootOrder: 6
  m_LocalEulerAnglesHint: {x: 0, y: 0, z: 0}
--- !u!1 &9210853160535382933
GameObject:
  m_ObjectHideFlags: 0
  m_CorrespondingSourceObject: {fileID: 0}
  m_PrefabInstance: {fileID: 0}
  m_PrefabAsset: {fileID: 0}
  serializedVersion: 6
  m_Component:
  - component: {fileID: 3237180542431959084}
  - component: {fileID: 3636619907125516577}
  m_Layer: 0
  m_Name: StoryLineObject (8)
  m_TagString: Untagged
  m_Icon: {fileID: 0}
  m_NavMeshLayer: 0
  m_StaticEditorFlags: 0
  m_IsActive: 1
--- !u!4 &3237180542431959084
Transform:
  m_ObjectHideFlags: 0
  m_CorrespondingSourceObject: {fileID: 0}
  m_PrefabInstance: {fileID: 0}
  m_PrefabAsset: {fileID: 0}
  m_GameObject: {fileID: 9210853160535382933}
  m_LocalRotation: {x: 0, y: 0, z: 0, w: 1}
  m_LocalPosition: {x: 0, y: 0, z: 0}
  m_LocalScale: {x: 1, y: 1, z: 1}
  m_Children: []
  m_Father: {fileID: 5989953405694045645}
  m_RootOrder: 8
  m_LocalEulerAnglesHint: {x: 0, y: 0, z: 0}
--- !u!114 &3636619907125516577
MonoBehaviour:
  m_ObjectHideFlags: 0
  m_CorrespondingSourceObject: {fileID: 0}
  m_PrefabInstance: {fileID: 0}
  m_PrefabAsset: {fileID: 0}
  m_GameObject: {fileID: 9210853160535382933}
  m_Enabled: 1
  m_EditorHideFlags: 0
  m_Script: {fileID: 11500000, guid: 3e92578cb29fffb4db869246a8ddd57d, type: 3}
  m_Name: 
  m_EditorClassIdentifier: 
  StoryLineID: GameStartLine_09
  StoryLineType: 3
  Duration: 2
  ENG: 
  JP: 
  CH: "\u4F60\u5011\u5FC5\u9808\u4FDD\u8B77\u597D\u9019\u500B\u5BB6!"
  NextLineID: GameStartLine_10
  AutoFinish: 1
