%YAML 1.1
%TAG !u! tag:unity3d.com,2011:
--- !u!1 &5907135437240042003
GameObject:
  m_ObjectHideFlags: 0
  m_CorrespondingSourceObject: {fileID: 0}
  m_PrefabInstance: {fileID: 0}
  m_PrefabAsset: {fileID: 0}
  serializedVersion: 6
  m_Component:
  - component: {fileID: 5907135437240042024}
  - component: {fileID: 5907135437240042007}
  - component: {fileID: 5907135437240042006}
  - component: {fileID: 5907135437240042005}
  - component: {fileID: 5907135437240042004}
  - component: {fileID: 5907135437240042025}
  - component: {fileID: 1162694224}
  m_Layer: 0
  m_Name: Main Camera
  m_TagString: MainCamera
  m_Icon: {fileID: 0}
  m_NavMeshLayer: 0
  m_StaticEditorFlags: 0
  m_IsActive: 1
--- !u!4 &5907135437240042024
Transform:
  m_ObjectHideFlags: 0
  m_CorrespondingSourceObject: {fileID: 0}
  m_PrefabInstance: {fileID: 0}
  m_PrefabAsset: {fileID: 0}
  m_GameObject: {fileID: 5907135437240042003}
  m_LocalRotation: {x: 0, y: 0, z: 0, w: 1}
  m_LocalPosition: {x: 0, y: 0, z: -10}
  m_LocalScale: {x: 1, y: 1, z: 1}
  m_Children: []
  m_Father: {fileID: 0}
  m_RootOrder: 0
  m_LocalEulerAnglesHint: {x: 0, y: 0, z: 0}
--- !u!20 &5907135437240042007
Camera:
  m_ObjectHideFlags: 0
  m_CorrespondingSourceObject: {fileID: 0}
  m_PrefabInstance: {fileID: 0}
  m_PrefabAsset: {fileID: 0}
  m_GameObject: {fileID: 5907135437240042003}
  m_Enabled: 1
  serializedVersion: 2
  m_ClearFlags: 1
  m_BackGroundColor: {r: 0.18039216, g: 0.16862746, b: 0.16078432, a: 1}
  m_projectionMatrixMode: 1
  m_SensorSize: {x: 36, y: 24}
  m_LensShift: {x: 0, y: 0}
  m_GateFitMode: 2
  m_FocalLength: 50
  m_NormalizedViewPortRect:
    serializedVersion: 2
    x: 0
    y: 0
    width: 1
    height: 1
  near clip plane: 0.001
  far clip plane: 500
  field of view: 60
  orthographic: 1
  orthographic size: 2
  m_Depth: -1
  m_CullingMask:
    serializedVersion: 2
    m_Bits: 4294967295
  m_RenderingPath: -1
  m_TargetTexture: {fileID: 0}
  m_TargetDisplay: 0
  m_TargetEye: 3
  m_HDR: 1
  m_AllowMSAA: 1
  m_AllowDynamicResolution: 0
  m_ForceIntoRT: 0
  m_OcclusionCulling: 1
  m_StereoConvergence: 10
  m_StereoSeparation: 0.022
--- !u!81 &5907135437240042006
AudioListener:
  m_ObjectHideFlags: 0
  m_CorrespondingSourceObject: {fileID: 0}
  m_PrefabInstance: {fileID: 0}
  m_PrefabAsset: {fileID: 0}
  m_GameObject: {fileID: 5907135437240042003}
  m_Enabled: 1
--- !u!114 &5907135437240042005
MonoBehaviour:
  m_ObjectHideFlags: 0
  m_CorrespondingSourceObject: {fileID: 0}
  m_PrefabInstance: {fileID: 0}
  m_PrefabAsset: {fileID: 0}
  m_GameObject: {fileID: 5907135437240042003}
  m_Enabled: 1
  m_EditorHideFlags: 0
  m_Script: {fileID: 11500000, guid: 8b8c96e2cdc154e848a3d9fe62464d42, type: 3}
  m_Name: 
  m_EditorClassIdentifier: 
  CameraTargets:
  - TargetTransform: {fileID: 0}
    TargetInfluenceH: 1
    TargetInfluenceV: 1
    TargetOffset: {x: 0, y: 0}
  - TargetTransform: {fileID: 0}
    TargetInfluenceH: 1
    TargetInfluenceV: 1
    TargetOffset: {x: 0, y: 0}
  - TargetTransform: {fileID: 0}
    TargetInfluenceH: 1
    TargetInfluenceV: 1
    TargetOffset: {x: 0, y: 0}
  - TargetTransform: {fileID: 0}
    TargetInfluenceH: 1
    TargetInfluenceV: 1
    TargetOffset: {x: 0, y: 0}
  CenterTargetOnStart: 0
  Axis: 0
  UpdateType: 0
  FollowHorizontal: 1
  HorizontalFollowSmoothness: 0.15
  FollowVertical: 1
  VerticalFollowSmoothness: 0.15
  OffsetX: 0
  OffsetY: 0
  IsRelativeOffset: 1
  ZoomWithFOV: 0
  IgnoreTimeScale: 0
  CurrentZoomTriggerID: 0
  IsCameraPositionLeftBounded: 0
  IsCameraPositionRightBounded: 0
  IsCameraPositionTopBounded: 0
  IsCameraPositionBottomBounded: 0
  GameCamera: {fileID: 5907135437240042007}
--- !u!114 &5907135437240042004
MonoBehaviour:
  m_ObjectHideFlags: 0
  m_CorrespondingSourceObject: {fileID: 0}
  m_PrefabInstance: {fileID: 0}
  m_PrefabAsset: {fileID: 0}
  m_GameObject: {fileID: 5907135437240042003}
  m_Enabled: 1
  m_EditorHideFlags: 0
  m_Script: {fileID: 11500000, guid: 60d259ae680f345ccb8abad710dd1263, type: 3}
  m_Name: 
  m_EditorClassIdentifier: 
  _pc2D: {fileID: 5907135437240042005}
  ZoomOutBorder: 0.6
  ZoomInBorder: 0.6
  ZoomInSmoothness: 0.3
  ZoomOutSmoothness: 0.3
  MaxZoomInAmount: 2.5
  MaxZoomOutAmount: 4
  DisableWhenOneTarget: 1
  CompensateForCameraPosition: 0
--- !u!114 &5907135437240042025
MonoBehaviour:
  m_ObjectHideFlags: 0
  m_CorrespondingSourceObject: {fileID: 0}
  m_PrefabInstance: {fileID: 0}
  m_PrefabAsset: {fileID: 0}
  m_GameObject: {fileID: 5907135437240042003}
  m_Enabled: 1
  m_EditorHideFlags: 0
  m_Script: {fileID: 11500000, guid: f64cdda3bb0ab614e8702b2e4d4d1ed0, type: 3}
  m_Name: 
  m_EditorClassIdentifier: 
  Player_Obj:
  - {fileID: 0}
  - {fileID: 0}
  - {fileID: 0}
  - {fileID: 0}
--- !u!114 &1162694224
MonoBehaviour:
  m_ObjectHideFlags: 0
  m_CorrespondingSourceObject: {fileID: 0}
  m_PrefabInstance: {fileID: 0}
  m_PrefabAsset: {fileID: 0}
  m_GameObject: {fileID: 5907135437240042003}
  m_Enabled: 1
  m_EditorHideFlags: 0
  m_Script: {fileID: 11500000, guid: 6903f12ac8ae44a41ba2a44700ec60ed, type: 3}
  m_Name: 
  m_EditorClassIdentifier: 
  _pc2D: {fileID: 5907135437240042005}
  UseNumericBoundaries: 1
  UseTopBoundary: 1
  TopBoundary: 6
  TargetTopBoundary: 0
  UseBottomBoundary: 1
  BottomBoundary: -5.3
  TargetBottomBoundary: 0
  UseLeftBoundary: 1
  LeftBoundary: -8.5
  TargetLeftBoundary: 0
  UseRightBoundary: 1
  RightBoundary: 8.5
  TargetRightBoundary: 0
  IsCameraPositionHorizontallyBounded: 1
  IsCameraPositionVerticallyBounded: 1
  CurrentBoundariesTrigger: {fileID: 0}
  HasFiredTransitionStarted: 0
  HasFiredTransitionFinished: 0
  UseSoftBoundaries: 1
  Softness: 0.5
  SoftAreaSize: 0.1
