%YAML 1.1
%TAG !u! tag:unity3d.com,2011:
--- !u!1 &173966016
GameObject:
  m_ObjectHideFlags: 0
  m_CorrespondingSourceObject: {fileID: 0}
  m_PrefabInstance: {fileID: 0}
  m_PrefabAsset: {fileID: 0}
  serializedVersion: 6
  m_Component:
  - component: {fileID: 173966017}
  - component: {fileID: 173966019}
  - component: {fileID: 173966018}
  m_Layer: 5
  m_Name: RawImage
  m_TagString: Untagged
  m_Icon: {fileID: 0}
  m_NavMeshLayer: 0
  m_StaticEditorFlags: 0
  m_IsActive: 1
--- !u!224 &173966017
RectTransform:
  m_ObjectHideFlags: 0
  m_CorrespondingSourceObject: {fileID: 0}
  m_PrefabInstance: {fileID: 0}
  m_PrefabAsset: {fileID: 0}
  m_GameObject: {fileID: 173966016}
  m_LocalRotation: {x: 0, y: 0, z: 0, w: 1}
  m_LocalPosition: {x: 0, y: 0, z: 0}
  m_LocalScale: {x: 21.911, y: 1, z: 1}
  m_Children: []
  m_Father: {fileID: 5515709352801461113}
  m_RootOrder: 2
  m_LocalEulerAnglesHint: {x: 0, y: 0, z: 0}
  m_AnchorMin: {x: 0.5, y: 0.5}
  m_AnchorMax: {x: 0.5, y: 0.5}
  m_AnchoredPosition: {x: -34, y: -21.2}
  m_SizeDelta: {x: 100, y: 1122.3}
  m_Pivot: {x: 0.5, y: 0.5}
--- !u!222 &173966019
CanvasRenderer:
  m_ObjectHideFlags: 0
  m_CorrespondingSourceObject: {fileID: 0}
  m_PrefabInstance: {fileID: 0}
  m_PrefabAsset: {fileID: 0}
  m_GameObject: {fileID: 173966016}
  m_CullTransparentMesh: 0
--- !u!114 &173966018
MonoBehaviour:
  m_ObjectHideFlags: 0
  m_CorrespondingSourceObject: {fileID: 0}
  m_PrefabInstance: {fileID: 0}
  m_PrefabAsset: {fileID: 0}
  m_GameObject: {fileID: 173966016}
  m_Enabled: 1
  m_EditorHideFlags: 0
  m_Script: {fileID: -98529514, guid: f70555f144d8491a825f0804e09c671c, type: 3}
  m_Name: 
  m_EditorClassIdentifier: 
  m_Material: {fileID: 0}
  m_Color: {r: 0, g: 0, b: 0, a: 0}
  m_RaycastTarget: 1
  m_OnCullStateChanged:
    m_PersistentCalls:
      m_Calls: []
    m_TypeName: UnityEngine.UI.MaskableGraphic+CullStateChangedEvent, UnityEngine.UI,
      Version=1.0.0.0, Culture=neutral, PublicKeyToken=null
  m_Texture: {fileID: 0}
  m_UVRect:
    serializedVersion: 2
    x: 0
    y: 0
    width: 1
    height: 1
--- !u!95 &6173911194955807843
Animator:
  serializedVersion: 3
  m_ObjectHideFlags: 0
  m_CorrespondingSourceObject: {fileID: 0}
  m_PrefabInstance: {fileID: 0}
  m_PrefabAsset: {fileID: 0}
  m_GameObject: {fileID: 5985232964142777305}
  m_Enabled: 1
  m_Avatar: {fileID: 0}
  m_Controller: {fileID: 9100000, guid: 1dad6f2fba9c66142bb9c902da407e3a, type: 2}
  m_CullingMode: 0
  m_UpdateMode: 0
  m_ApplyRootMotion: 0
  m_LinearVelocityBlending: 0
  m_WarningMessage: 
  m_HasTransformHierarchy: 1
  m_AllowConstantClipSamplingOptimization: 1
  m_KeepAnimatorControllerStateOnDisable: 0
--- !u!1 &7238459111636258376
GameObject:
  m_ObjectHideFlags: 0
  m_CorrespondingSourceObject: {fileID: 0}
  m_PrefabInstance: {fileID: 0}
  m_PrefabAsset: {fileID: 0}
  serializedVersion: 6
  m_Component:
  - component: {fileID: 1107220305718011960}
  m_Layer: 0
  m_Name: StoryLineSystem
  m_TagString: Untagged
  m_Icon: {fileID: 0}
  m_NavMeshLayer: 0
  m_StaticEditorFlags: 0
  m_IsActive: 1
--- !u!4 &1107220305718011960
Transform:
  m_ObjectHideFlags: 0
  m_CorrespondingSourceObject: {fileID: 0}
  m_PrefabInstance: {fileID: 0}
  m_PrefabAsset: {fileID: 0}
  m_GameObject: {fileID: 7238459111636258376}
  m_LocalRotation: {x: 0, y: 0, z: 0, w: 1}
  m_LocalPosition: {x: 0, y: 0, z: 0}
  m_LocalScale: {x: 1, y: 1, z: 1}
  m_Children:
  - {fileID: 5515709352801461113}
  - {fileID: 674557290418770}
  m_Father: {fileID: 0}
  m_RootOrder: 0
  m_LocalEulerAnglesHint: {x: 0, y: 0, z: 0}
--- !u!95 &8870937307477658438
Animator:
  serializedVersion: 3
  m_ObjectHideFlags: 0
  m_CorrespondingSourceObject: {fileID: 0}
  m_PrefabInstance: {fileID: 0}
  m_PrefabAsset: {fileID: 0}
  m_GameObject: {fileID: 8870937308463460693}
  m_Enabled: 1
  m_Avatar: {fileID: 0}
  m_Controller: {fileID: 9100000, guid: ba2f61d35398d2f4394847a0b73b0f3e, type: 2}
  m_CullingMode: 0
  m_UpdateMode: 0
  m_ApplyRootMotion: 0
  m_LinearVelocityBlending: 0
  m_WarningMessage: 
  m_HasTransformHierarchy: 1
  m_AllowConstantClipSamplingOptimization: 1
  m_KeepAnimatorControllerStateOnDisable: 0
--- !u!1001 &6173911194097397947
PrefabInstance:
  m_ObjectHideFlags: 0
  serializedVersion: 2
  m_Modification:
    m_TransformParent: {fileID: 1107220305718011960}
    m_Modifications:
    - target: {fileID: 1812030260997018574, guid: 0cab3b26bcdc70849bd1676f1cb8a0aa,
        type: 3}
      propertyPath: m_Name
      value: StoryLineCanvers
      objectReference: {fileID: 0}
    - target: {fileID: 1812030260997018562, guid: 0cab3b26bcdc70849bd1676f1cb8a0aa,
        type: 3}
      propertyPath: m_LocalPosition.x
      value: 0
      objectReference: {fileID: 0}
    - target: {fileID: 1812030260997018562, guid: 0cab3b26bcdc70849bd1676f1cb8a0aa,
        type: 3}
      propertyPath: m_LocalPosition.y
      value: 0
      objectReference: {fileID: 0}
    - target: {fileID: 1812030260997018562, guid: 0cab3b26bcdc70849bd1676f1cb8a0aa,
        type: 3}
      propertyPath: m_LocalPosition.z
      value: 0
      objectReference: {fileID: 0}
    - target: {fileID: 1812030260997018562, guid: 0cab3b26bcdc70849bd1676f1cb8a0aa,
        type: 3}
      propertyPath: m_LocalRotation.x
      value: 0
      objectReference: {fileID: 0}
    - target: {fileID: 1812030260997018562, guid: 0cab3b26bcdc70849bd1676f1cb8a0aa,
        type: 3}
      propertyPath: m_LocalRotation.y
      value: 0
      objectReference: {fileID: 0}
    - target: {fileID: 1812030260997018562, guid: 0cab3b26bcdc70849bd1676f1cb8a0aa,
        type: 3}
      propertyPath: m_LocalRotation.z
      value: 0
      objectReference: {fileID: 0}
    - target: {fileID: 1812030260997018562, guid: 0cab3b26bcdc70849bd1676f1cb8a0aa,
        type: 3}
      propertyPath: m_LocalRotation.w
      value: 1
      objectReference: {fileID: 0}
    - target: {fileID: 1812030260997018562, guid: 0cab3b26bcdc70849bd1676f1cb8a0aa,
        type: 3}
      propertyPath: m_RootOrder
      value: 0
      objectReference: {fileID: 0}
    - target: {fileID: 1812030260997018562, guid: 0cab3b26bcdc70849bd1676f1cb8a0aa,
        type: 3}
      propertyPath: m_LocalEulerAnglesHint.x
      value: 0
      objectReference: {fileID: 0}
    - target: {fileID: 1812030260997018562, guid: 0cab3b26bcdc70849bd1676f1cb8a0aa,
        type: 3}
      propertyPath: m_LocalEulerAnglesHint.y
      value: 0
      objectReference: {fileID: 0}
    - target: {fileID: 1812030260997018562, guid: 0cab3b26bcdc70849bd1676f1cb8a0aa,
        type: 3}
      propertyPath: m_LocalEulerAnglesHint.z
      value: 0
      objectReference: {fileID: 0}
    - target: {fileID: 1812030260997018562, guid: 0cab3b26bcdc70849bd1676f1cb8a0aa,
        type: 3}
      propertyPath: m_AnchoredPosition.x
      value: 0
      objectReference: {fileID: 0}
    - target: {fileID: 1812030260997018562, guid: 0cab3b26bcdc70849bd1676f1cb8a0aa,
        type: 3}
      propertyPath: m_AnchoredPosition.y
      value: 0
      objectReference: {fileID: 0}
    - target: {fileID: 1812030260997018562, guid: 0cab3b26bcdc70849bd1676f1cb8a0aa,
        type: 3}
      propertyPath: m_SizeDelta.x
      value: 0
      objectReference: {fileID: 0}
    - target: {fileID: 1812030260997018562, guid: 0cab3b26bcdc70849bd1676f1cb8a0aa,
        type: 3}
      propertyPath: m_SizeDelta.y
      value: 0
      objectReference: {fileID: 0}
    - target: {fileID: 1812030260997018562, guid: 0cab3b26bcdc70849bd1676f1cb8a0aa,
        type: 3}
      propertyPath: m_AnchorMin.x
      value: 0
      objectReference: {fileID: 0}
    - target: {fileID: 1812030260997018562, guid: 0cab3b26bcdc70849bd1676f1cb8a0aa,
        type: 3}
      propertyPath: m_AnchorMin.y
      value: 0
      objectReference: {fileID: 0}
    - target: {fileID: 1812030260997018562, guid: 0cab3b26bcdc70849bd1676f1cb8a0aa,
        type: 3}
      propertyPath: m_AnchorMax.x
      value: 0
      objectReference: {fileID: 0}
    - target: {fileID: 1812030260997018562, guid: 0cab3b26bcdc70849bd1676f1cb8a0aa,
        type: 3}
      propertyPath: m_AnchorMax.y
      value: 0
      objectReference: {fileID: 0}
    - target: {fileID: 1812030260997018562, guid: 0cab3b26bcdc70849bd1676f1cb8a0aa,
        type: 3}
      propertyPath: m_Pivot.x
      value: 0
      objectReference: {fileID: 0}
    - target: {fileID: 1812030260997018562, guid: 0cab3b26bcdc70849bd1676f1cb8a0aa,
        type: 3}
      propertyPath: m_Pivot.y
      value: 0
      objectReference: {fileID: 0}
    - target: {fileID: 8916157948992907682, guid: 0cab3b26bcdc70849bd1676f1cb8a0aa,
        type: 3}
      propertyPath: m_IsActive
      value: 0
      objectReference: {fileID: 0}
    - target: {fileID: 7959458280139883254, guid: 0cab3b26bcdc70849bd1676f1cb8a0aa,
        type: 3}
      propertyPath: m_AnchoredPosition.x
      value: 261.9
      objectReference: {fileID: 0}
    - target: {fileID: 7959458280139883254, guid: 0cab3b26bcdc70849bd1676f1cb8a0aa,
        type: 3}
      propertyPath: m_AnchoredPosition.y
      value: -50
      objectReference: {fileID: 0}
    - target: {fileID: 1812030260521863500, guid: 0cab3b26bcdc70849bd1676f1cb8a0aa,
        type: 3}
      propertyPath: m_AnchoredPosition.y
      value: 11
      objectReference: {fileID: 0}
    - target: {fileID: 630169770244394355, guid: 0cab3b26bcdc70849bd1676f1cb8a0aa,
        type: 3}
      propertyPath: m_AnchoredPosition.y
      value: 7
      objectReference: {fileID: 0}
    - target: {fileID: 630169770244394355, guid: 0cab3b26bcdc70849bd1676f1cb8a0aa,
        type: 3}
      propertyPath: m_SizeDelta.x
      value: 740
      objectReference: {fileID: 0}
    - target: {fileID: 630169770244394355, guid: 0cab3b26bcdc70849bd1676f1cb8a0aa,
        type: 3}
      propertyPath: m_SizeDelta.y
      value: 235.7
      objectReference: {fileID: 0}
    - target: {fileID: 5270946184853716970, guid: 0cab3b26bcdc70849bd1676f1cb8a0aa,
        type: 3}
      propertyPath: m_AnchoredPosition.x
      value: -35
      objectReference: {fileID: 0}
    - target: {fileID: 5270946184853716970, guid: 0cab3b26bcdc70849bd1676f1cb8a0aa,
        type: 3}
      propertyPath: m_AnchoredPosition.y
      value: 6
      objectReference: {fileID: 0}
    - target: {fileID: 7000821305130752710, guid: 0cab3b26bcdc70849bd1676f1cb8a0aa,
        type: 3}
      propertyPath: m_AnchoredPosition.x
      value: 0
      objectReference: {fileID: 0}
    - target: {fileID: 7000821305130752710, guid: 0cab3b26bcdc70849bd1676f1cb8a0aa,
        type: 3}
      propertyPath: m_AnchoredPosition.y
      value: 1
      objectReference: {fileID: 0}
    - target: {fileID: 7000821305130752710, guid: 0cab3b26bcdc70849bd1676f1cb8a0aa,
        type: 3}
      propertyPath: m_SizeDelta.x
      value: 814.4
      objectReference: {fileID: 0}
    - target: {fileID: 7000821305130752710, guid: 0cab3b26bcdc70849bd1676f1cb8a0aa,
        type: 3}
      propertyPath: m_SizeDelta.y
      value: 365.9
      objectReference: {fileID: 0}
    - target: {fileID: 1812030260521863501, guid: 0cab3b26bcdc70849bd1676f1cb8a0aa,
        type: 3}
      propertyPath: m_FontData.m_FontSize
      value: 23
      objectReference: {fileID: 0}
    - target: {fileID: 1812030260521863501, guid: 0cab3b26bcdc70849bd1676f1cb8a0aa,
        type: 3}
      propertyPath: m_FontData.m_FontStyle
      value: 0
      objectReference: {fileID: 0}
    - target: {fileID: 1812030260521863501, guid: 0cab3b26bcdc70849bd1676f1cb8a0aa,
        type: 3}
      propertyPath: m_FontData.m_MinSize
      value: 0
      objectReference: {fileID: 0}
    - target: {fileID: 4290647173959870180, guid: 0cab3b26bcdc70849bd1676f1cb8a0aa,
        type: 3}
      propertyPath: m_AnchoredPosition.x
      value: 16
      objectReference: {fileID: 0}
    - target: {fileID: 4290647173959870180, guid: 0cab3b26bcdc70849bd1676f1cb8a0aa,
        type: 3}
      propertyPath: m_AnchoredPosition.y
      value: 6
      objectReference: {fileID: 0}
    - target: {fileID: 4922979035496006040, guid: 0cab3b26bcdc70849bd1676f1cb8a0aa,
        type: 3}
      propertyPath: m_TargetGraphic
      value: 
      objectReference: {fileID: 1499844848383540027}
    - target: {fileID: 3487043323086365208, guid: 0cab3b26bcdc70849bd1676f1cb8a0aa,
        type: 3}
      propertyPath: m_TargetGraphic
      value: 
      objectReference: {fileID: 4492683819785136605}
    - target: {fileID: 2044971625794779637, guid: 0cab3b26bcdc70849bd1676f1cb8a0aa,
        type: 3}
      propertyPath: m_FontData.m_FontSize
      value: 20
      objectReference: {fileID: 0}
    - target: {fileID: 2044971625794779637, guid: 0cab3b26bcdc70849bd1676f1cb8a0aa,
        type: 3}
      propertyPath: m_FontData.m_MinSize
      value: 2
      objectReference: {fileID: 0}
    - target: {fileID: 2200436391124181417, guid: 0cab3b26bcdc70849bd1676f1cb8a0aa,
        type: 3}
      propertyPath: m_FontData.m_FontSize
      value: 30
      objectReference: {fileID: 0}
    - target: {fileID: 2200436391124181417, guid: 0cab3b26bcdc70849bd1676f1cb8a0aa,
        type: 3}
      propertyPath: m_FontData.m_MinSize
      value: 3
      objectReference: {fileID: 0}
    m_RemovedComponents: []
  m_SourcePrefab: {fileID: 100100000, guid: 0cab3b26bcdc70849bd1676f1cb8a0aa, type: 3}
--- !u!224 &5515709352801461113 stripped
RectTransform:
  m_CorrespondingSourceObject: {fileID: 1812030260997018562, guid: 0cab3b26bcdc70849bd1676f1cb8a0aa,
    type: 3}
  m_PrefabInstance: {fileID: 6173911194097397947}
  m_PrefabAsset: {fileID: 0}
--- !u!1 &8870937308463460693 stripped
GameObject:
  m_CorrespondingSourceObject: {fileID: 3365813993276097006, guid: 0cab3b26bcdc70849bd1676f1cb8a0aa,
    type: 3}
  m_PrefabInstance: {fileID: 6173911194097397947}
  m_PrefabAsset: {fileID: 0}
--- !u!114 &5515709352739191286 stripped
MonoBehaviour:
  m_CorrespondingSourceObject: {fileID: 1812030260521863501, guid: 0cab3b26bcdc70849bd1676f1cb8a0aa,
    type: 3}
  m_PrefabInstance: {fileID: 6173911194097397947}
  m_PrefabAsset: {fileID: 0}
  m_GameObject: {fileID: 0}
  m_Enabled: 1
  m_EditorHideFlags: 0
  m_Script: {fileID: 708705254, guid: f70555f144d8491a825f0804e09c671c, type: 3}
  m_Name: 
  m_EditorClassIdentifier: 
--- !u!224 &6706127662561164744 stripped
RectTransform:
  m_CorrespondingSourceObject: {fileID: 630169770244394355, guid: 0cab3b26bcdc70849bd1676f1cb8a0aa,
    type: 3}
  m_PrefabInstance: {fileID: 6173911194097397947}
  m_PrefabAsset: {fileID: 0}
--- !u!1 &5985232964142777305 stripped
GameObject:
  m_CorrespondingSourceObject: {fileID: 477929316392104802, guid: 0cab3b26bcdc70849bd1676f1cb8a0aa,
    type: 3}
  m_PrefabInstance: {fileID: 6173911194097397947}
  m_PrefabAsset: {fileID: 0}
--- !u!224 &4313197918979633741 stripped
RectTransform:
  m_CorrespondingSourceObject: {fileID: 7959458280139883254, guid: 0cab3b26bcdc70849bd1676f1cb8a0aa,
    type: 3}
  m_PrefabInstance: {fileID: 6173911194097397947}
  m_PrefabAsset: {fileID: 0}
--- !u!114 &1499844848383540027 stripped
MonoBehaviour:
  m_CorrespondingSourceObject: {fileID: 4719393577277459328, guid: 0cab3b26bcdc70849bd1676f1cb8a0aa,
    type: 3}
  m_PrefabInstance: {fileID: 6173911194097397947}
  m_PrefabAsset: {fileID: 0}
  m_GameObject: {fileID: 0}
  m_Enabled: 1
  m_EditorHideFlags: 0
  m_Script: {fileID: -765806418, guid: f70555f144d8491a825f0804e09c671c, type: 3}
  m_Name: 
  m_EditorClassIdentifier: 
--- !u!114 &4492683819785136605 stripped
MonoBehaviour:
  m_CorrespondingSourceObject: {fileID: 7779717273845733734, guid: 0cab3b26bcdc70849bd1676f1cb8a0aa,
    type: 3}
  m_PrefabInstance: {fileID: 6173911194097397947}
  m_PrefabAsset: {fileID: 0}
  m_GameObject: {fileID: 0}
  m_Enabled: 1
  m_EditorHideFlags: 0
  m_Script: {fileID: -765806418, guid: f70555f144d8491a825f0804e09c671c, type: 3}
  m_Name: 
  m_EditorClassIdentifier: 
--- !u!1001 &6173911195065284604
PrefabInstance:
  m_ObjectHideFlags: 0
  serializedVersion: 2
  m_Modification:
    m_TransformParent: {fileID: 1107220305718011960}
    m_Modifications:
    - target: {fileID: 3413857250033739271, guid: 4c1bd4f365afd004990840ba5a1929a6,
        type: 3}
      propertyPath: m_Name
      value: _StoryLineManager
      objectReference: {fileID: 0}
    - target: {fileID: 6173386176288875950, guid: 4c1bd4f365afd004990840ba5a1929a6,
        type: 3}
      propertyPath: m_LocalPosition.x
      value: 0
      objectReference: {fileID: 0}
    - target: {fileID: 6173386176288875950, guid: 4c1bd4f365afd004990840ba5a1929a6,
        type: 3}
      propertyPath: m_LocalPosition.y
      value: 0
      objectReference: {fileID: 0}
    - target: {fileID: 6173386176288875950, guid: 4c1bd4f365afd004990840ba5a1929a6,
        type: 3}
      propertyPath: m_LocalPosition.z
      value: 0
      objectReference: {fileID: 0}
    - target: {fileID: 6173386176288875950, guid: 4c1bd4f365afd004990840ba5a1929a6,
        type: 3}
      propertyPath: m_LocalRotation.x
      value: -0
      objectReference: {fileID: 0}
    - target: {fileID: 6173386176288875950, guid: 4c1bd4f365afd004990840ba5a1929a6,
        type: 3}
      propertyPath: m_LocalRotation.y
      value: -0
      objectReference: {fileID: 0}
    - target: {fileID: 6173386176288875950, guid: 4c1bd4f365afd004990840ba5a1929a6,
        type: 3}
      propertyPath: m_LocalRotation.z
      value: -0
      objectReference: {fileID: 0}
    - target: {fileID: 6173386176288875950, guid: 4c1bd4f365afd004990840ba5a1929a6,
        type: 3}
      propertyPath: m_LocalRotation.w
      value: 1
      objectReference: {fileID: 0}
    - target: {fileID: 6173386176288875950, guid: 4c1bd4f365afd004990840ba5a1929a6,
        type: 3}
      propertyPath: m_RootOrder
      value: 1
      objectReference: {fileID: 0}
    - target: {fileID: 6173386176288875950, guid: 4c1bd4f365afd004990840ba5a1929a6,
        type: 3}
      propertyPath: m_LocalEulerAnglesHint.x
      value: 0
      objectReference: {fileID: 0}
    - target: {fileID: 6173386176288875950, guid: 4c1bd4f365afd004990840ba5a1929a6,
        type: 3}
      propertyPath: m_LocalEulerAnglesHint.y
      value: 0
      objectReference: {fileID: 0}
    - target: {fileID: 6173386176288875950, guid: 4c1bd4f365afd004990840ba5a1929a6,
        type: 3}
      propertyPath: m_LocalEulerAnglesHint.z
      value: 0
      objectReference: {fileID: 0}
    - target: {fileID: 6910041418821367018, guid: 4c1bd4f365afd004990840ba5a1929a6,
        type: 3}
      propertyPath: StoryLineObjectData.Array.size
      value: 0
      objectReference: {fileID: 0}
    - target: {fileID: 6910041418821367018, guid: 4c1bd4f365afd004990840ba5a1929a6,
        type: 3}
      propertyPath: TextUI
      value: 
      objectReference: {fileID: 5515709352739191286}
    - target: {fileID: 6910041418821367018, guid: 4c1bd4f365afd004990840ba5a1929a6,
        type: 3}
      propertyPath: LoopStartList.Array.data[0]
      value: 
      objectReference: {fileID: 5966321217300116715}
    - target: {fileID: 6910041418821367018, guid: 4c1bd4f365afd004990840ba5a1929a6,
        type: 3}
      propertyPath: LoopStartList.Array.data[1]
      value: 
      objectReference: {fileID: 5872038630333663710}
    - target: {fileID: 6910041418821367018, guid: 4c1bd4f365afd004990840ba5a1929a6,
        type: 3}
      propertyPath: LoopStartList.Array.data[2]
      value: 
      objectReference: {fileID: 3084401581366443274}
    - target: {fileID: 6910041418821367018, guid: 4c1bd4f365afd004990840ba5a1929a6,
        type: 3}
      propertyPath: LoopStartList.Array.data[3]
      value: 
      objectReference: {fileID: 7058451314589504415}
    - target: {fileID: 6910041418821367018, guid: 4c1bd4f365afd004990840ba5a1929a6,
        type: 3}
      propertyPath: LoopStartList.Array.data[4]
      value: 
      objectReference: {fileID: 9199210630805988271}
    - target: {fileID: 6910041418821367018, guid: 4c1bd4f365afd004990840ba5a1929a6,
        type: 3}
      propertyPath: FirstPromptList.Array.data[0]
      value: 
      objectReference: {fileID: 1372496228174834251}
    - target: {fileID: 6910041418821367018, guid: 4c1bd4f365afd004990840ba5a1929a6,
        type: 3}
      propertyPath: FirstPromptList.Array.data[1]
      value: 
      objectReference: {fileID: 5948094831521228488}
    - target: {fileID: 6910041418821367018, guid: 4c1bd4f365afd004990840ba5a1929a6,
        type: 3}
      propertyPath: MidPromptList.Array.data[0]
      value: 
      objectReference: {fileID: 481721470278216188}
    - target: {fileID: 6910041418821367018, guid: 4c1bd4f365afd004990840ba5a1929a6,
        type: 3}
      propertyPath: MidPromptList.Array.data[1]
      value: 
      objectReference: {fileID: 4302537114529051034}
    - target: {fileID: 6910041418821367018, guid: 4c1bd4f365afd004990840ba5a1929a6,
        type: 3}
      propertyPath: MidPromptList.Array.data[2]
      value: 
      objectReference: {fileID: 1951339907436510691}
    - target: {fileID: 6910041418821367018, guid: 4c1bd4f365afd004990840ba5a1929a6,
        type: 3}
      propertyPath: LastPromptList.Array.data[0]
      value: 
      objectReference: {fileID: 7910219837767635747}
    - target: {fileID: 6910041418821367018, guid: 4c1bd4f365afd004990840ba5a1929a6,
        type: 3}
      propertyPath: LastPromptList.Array.data[1]
      value: 
      objectReference: {fileID: 6204705721274298747}
    - target: {fileID: 6910041418821367018, guid: 4c1bd4f365afd004990840ba5a1929a6,
        type: 3}
      propertyPath: LastPromptList.Array.data[2]
      value: 
      objectReference: {fileID: 5179494466746986693}
    - target: {fileID: 6910041418821367018, guid: 4c1bd4f365afd004990840ba5a1929a6,
        type: 3}
      propertyPath: GoodPointPromptList.Array.data[0]
      value: 
      objectReference: {fileID: 2329003188357149625}
    - target: {fileID: 6910041418821367018, guid: 4c1bd4f365afd004990840ba5a1929a6,
        type: 3}
      propertyPath: GoodPointPromptList.Array.data[1]
      value: 
      objectReference: {fileID: 1652295332457781863}
    - target: {fileID: 6910041418821367018, guid: 4c1bd4f365afd004990840ba5a1929a6,
        type: 3}
      propertyPath: GoodPointPromptList.Array.data[2]
      value: 
      objectReference: {fileID: 7731895533874978557}
    - target: {fileID: 6910041418821367018, guid: 4c1bd4f365afd004990840ba5a1929a6,
        type: 3}
      propertyPath: BackImage
      value: 
      objectReference: {fileID: 6706127662561164744}
    - target: {fileID: 6910041418821367018, guid: 4c1bd4f365afd004990840ba5a1929a6,
        type: 3}
      propertyPath: EnterButton
      value: 
      objectReference: {fileID: 4313197918979633741}
    - target: {fileID: 6910041418821367018, guid: 4c1bd4f365afd004990840ba5a1929a6,
        type: 3}
      propertyPath: BackImageAnim
      value: 
      objectReference: {fileID: 8870937307477658438}
    - target: {fileID: 6910041418821367018, guid: 4c1bd4f365afd004990840ba5a1929a6,
        type: 3}
      propertyPath: BackImageObj
      value: 
      objectReference: {fileID: 8870937308463460693}
    - target: {fileID: 6025422552772238258, guid: 4c1bd4f365afd004990840ba5a1929a6,
        type: 3}
      propertyPath: Duration
      value: 3
      objectReference: {fileID: 0}
    - target: {fileID: 6025422552772238258, guid: 4c1bd4f365afd004990840ba5a1929a6,
        type: 3}
      propertyPath: NextLineID
      value: 
      objectReference: {fileID: 0}
    - target: {fileID: 5973583856537973116, guid: 4c1bd4f365afd004990840ba5a1929a6,
        type: 3}
      propertyPath: Duration
      value: 4
      objectReference: {fileID: 0}
    - target: {fileID: 5973583856537973116, guid: 4c1bd4f365afd004990840ba5a1929a6,
        type: 3}
      propertyPath: AutoFinish
      value: 0
      objectReference: {fileID: 0}
    - target: {fileID: 6622720630023735280, guid: 4c1bd4f365afd004990840ba5a1929a6,
        type: 3}
      propertyPath: CH
      value: "\u4F60\u5C31\u4E00\u6B21\u73A9\u5169\u500B\u89D2\u8272\u5427 lol"
      objectReference: {fileID: 0}
    - target: {fileID: 5044523318552762349, guid: 4c1bd4f365afd004990840ba5a1929a6,
        type: 3}
      propertyPath: Duration
      value: 5
      objectReference: {fileID: 0}
    - target: {fileID: 5319461006084365614, guid: 4c1bd4f365afd004990840ba5a1929a6,
        type: 3}
      propertyPath: Duration
      value: 3
      objectReference: {fileID: 0}
    - target: {fileID: 8117406280620658977, guid: 4c1bd4f365afd004990840ba5a1929a6,
        type: 3}
      propertyPath: Duration
      value: 3
      objectReference: {fileID: 0}
    - target: {fileID: 7843366356878420452, guid: 4c1bd4f365afd004990840ba5a1929a6,
        type: 3}
      propertyPath: NextLineID
      value: 
      objectReference: {fileID: 0}
    - target: {fileID: 557237210063564602, guid: 4c1bd4f365afd004990840ba5a1929a6,
        type: 3}
      propertyPath: Duration
      value: 5
      objectReference: {fileID: 0}
    - target: {fileID: 557237210063564602, guid: 4c1bd4f365afd004990840ba5a1929a6,
        type: 3}
      propertyPath: CH
      value: "\"\u66B4\u96F7\u4E00\u6642\u723D\uFF0C\u5168\u5BB6\u706B\u846C\u5834\"\uFF0C\u6211\u4E0D\u80FD\u544A\u8A34\u4F60\u5011\u8A72\u600E\u9EBC\u505A\uFF0C"
      objectReference: {fileID: 0}
    - target: {fileID: 4405064554372305, guid: 4c1bd4f365afd004990840ba5a1929a6, type: 3}
      propertyPath: AutoFinish
      value: 0
      objectReference: {fileID: 0}
    - target: {fileID: 3923657829522071730, guid: 4c1bd4f365afd004990840ba5a1929a6,
        type: 3}
      propertyPath: NextLineID
      value: GameStartLine_01
      objectReference: {fileID: 0}
    - target: {fileID: 3636619907125516577, guid: 4c1bd4f365afd004990840ba5a1929a6,
        type: 3}
      propertyPath: Duration
      value: 3
      objectReference: {fileID: 0}
    - target: {fileID: 4205274281703615504, guid: 4c1bd4f365afd004990840ba5a1929a6,
        type: 3}
      propertyPath: Duration
      value: 3
      objectReference: {fileID: 0}
    - target: {fileID: 3425426931069155194, guid: 4c1bd4f365afd004990840ba5a1929a6,
        type: 3}
      propertyPath: Duration
      value: 5
      objectReference: {fileID: 0}
    - target: {fileID: 3425426931069155194, guid: 4c1bd4f365afd004990840ba5a1929a6,
        type: 3}
      propertyPath: AutoFinish
      value: 0
      objectReference: {fileID: 0}
    - target: {fileID: 3444581979406255551, guid: 4c1bd4f365afd004990840ba5a1929a6,
        type: 3}
      propertyPath: Duration
      value: 5
      objectReference: {fileID: 0}
    - target: {fileID: 3444581979406255551, guid: 4c1bd4f365afd004990840ba5a1929a6,
        type: 3}
      propertyPath: CH
      value: "\u597D! \u6309\u4E0B \u2610 \u53EF\u4EE5\u653B\u64CA\uFF0C\u9019\u53EF\u4EE5\u5E6B\u4F60\u5011\u591A\u722D\u53D6\u4E00\u4E9B\u6642\u9593\uFF0C"
      objectReference: {fileID: 0}
    m_RemovedComponents: []
  m_SourcePrefab: {fileID: 100100000, guid: 4c1bd4f365afd004990840ba5a1929a6, type: 3}
--- !u!114 &5872038630333663710 stripped
MonoBehaviour:
  m_CorrespondingSourceObject: {fileID: 347779379189038626, guid: 4c1bd4f365afd004990840ba5a1929a6,
    type: 3}
  m_PrefabInstance: {fileID: 6173911195065284604}
  m_PrefabAsset: {fileID: 0}
  m_GameObject: {fileID: 0}
  m_Enabled: 1
  m_EditorHideFlags: 0
  m_Script: {fileID: 11500000, guid: 3e92578cb29fffb4db869246a8ddd57d, type: 3}
  m_Name: 
  m_EditorClassIdentifier: 
--- !u!114 &3084401581366443274 stripped
MonoBehaviour:
  m_CorrespondingSourceObject: {fileID: 9179423870188489462, guid: 4c1bd4f365afd004990840ba5a1929a6,
    type: 3}
  m_PrefabInstance: {fileID: 6173911195065284604}
  m_PrefabAsset: {fileID: 0}
  m_GameObject: {fileID: 0}
  m_Enabled: 1
  m_EditorHideFlags: 0
  m_Script: {fileID: 11500000, guid: 3e92578cb29fffb4db869246a8ddd57d, type: 3}
  m_Name: 
  m_EditorClassIdentifier: 
--- !u!114 &7058451314589504415 stripped
MonoBehaviour:
  m_CorrespondingSourceObject: {fileID: 3772481121465623651, guid: 4c1bd4f365afd004990840ba5a1929a6,
    type: 3}
  m_PrefabInstance: {fileID: 6173911195065284604}
  m_PrefabAsset: {fileID: 0}
  m_GameObject: {fileID: 0}
  m_Enabled: 1
  m_EditorHideFlags: 0
  m_Script: {fileID: 11500000, guid: 3e92578cb29fffb4db869246a8ddd57d, type: 3}
  m_Name: 
  m_EditorClassIdentifier: 
--- !u!114 &9199210630805988271 stripped
MonoBehaviour:
  m_CorrespondingSourceObject: {fileID: 3027556743063032915, guid: 4c1bd4f365afd004990840ba5a1929a6,
    type: 3}
  m_PrefabInstance: {fileID: 6173911195065284604}
  m_PrefabAsset: {fileID: 0}
  m_GameObject: {fileID: 0}
  m_Enabled: 1
  m_EditorHideFlags: 0
  m_Script: {fileID: 11500000, guid: 3e92578cb29fffb4db869246a8ddd57d, type: 3}
  m_Name: 
  m_EditorClassIdentifier: 
--- !u!114 &1372496228174834251 stripped
MonoBehaviour:
  m_CorrespondingSourceObject: {fileID: 5089689393006960055, guid: 4c1bd4f365afd004990840ba5a1929a6,
    type: 3}
  m_PrefabInstance: {fileID: 6173911195065284604}
  m_PrefabAsset: {fileID: 0}
  m_GameObject: {fileID: 0}
  m_Enabled: 1
  m_EditorHideFlags: 0
  m_Script: {fileID: 11500000, guid: 3e92578cb29fffb4db869246a8ddd57d, type: 3}
  m_Name: 
  m_EditorClassIdentifier: 
--- !u!114 &5948094831521228488 stripped
MonoBehaviour:
  m_CorrespondingSourceObject: {fileID: 515032383251321140, guid: 4c1bd4f365afd004990840ba5a1929a6,
    type: 3}
  m_PrefabInstance: {fileID: 6173911195065284604}
  m_PrefabAsset: {fileID: 0}
  m_GameObject: {fileID: 0}
  m_Enabled: 1
  m_EditorHideFlags: 0
  m_Script: {fileID: 11500000, guid: 3e92578cb29fffb4db869246a8ddd57d, type: 3}
  m_Name: 
  m_EditorClassIdentifier: 
--- !u!114 &481721470278216188 stripped
MonoBehaviour:
  m_CorrespondingSourceObject: {fileID: 5981141608873123328, guid: 4c1bd4f365afd004990840ba5a1929a6,
    type: 3}
  m_PrefabInstance: {fileID: 6173911195065284604}
  m_PrefabAsset: {fileID: 0}
  m_GameObject: {fileID: 0}
  m_Enabled: 1
  m_EditorHideFlags: 0
  m_Script: {fileID: 11500000, guid: 3e92578cb29fffb4db869246a8ddd57d, type: 3}
  m_Name: 
  m_EditorClassIdentifier: 
--- !u!114 &4302537114529051034 stripped
MonoBehaviour:
  m_CorrespondingSourceObject: {fileID: 7934090409345304166, guid: 4c1bd4f365afd004990840ba5a1929a6,
    type: 3}
  m_PrefabInstance: {fileID: 6173911195065284604}
  m_PrefabAsset: {fileID: 0}
  m_GameObject: {fileID: 0}
  m_Enabled: 1
  m_EditorHideFlags: 0
  m_Script: {fileID: 11500000, guid: 3e92578cb29fffb4db869246a8ddd57d, type: 3}
  m_Name: 
  m_EditorClassIdentifier: 
--- !u!114 &1951339907436510691 stripped
MonoBehaviour:
  m_CorrespondingSourceObject: {fileID: 5673038870923938335, guid: 4c1bd4f365afd004990840ba5a1929a6,
    type: 3}
  m_PrefabInstance: {fileID: 6173911195065284604}
  m_PrefabAsset: {fileID: 0}
  m_GameObject: {fileID: 0}
  m_Enabled: 1
  m_EditorHideFlags: 0
  m_Script: {fileID: 11500000, guid: 3e92578cb29fffb4db869246a8ddd57d, type: 3}
  m_Name: 
  m_EditorClassIdentifier: 
--- !u!114 &7910219837767635747 stripped
MonoBehaviour:
  m_CorrespondingSourceObject: {fileID: 4064670793874744543, guid: 4c1bd4f365afd004990840ba5a1929a6,
    type: 3}
  m_PrefabInstance: {fileID: 6173911195065284604}
  m_PrefabAsset: {fileID: 0}
  m_GameObject: {fileID: 0}
  m_Enabled: 1
  m_EditorHideFlags: 0
  m_Script: {fileID: 11500000, guid: 3e92578cb29fffb4db869246a8ddd57d, type: 3}
  m_Name: 
  m_EditorClassIdentifier: 
--- !u!114 &6204705721274298747 stripped
MonoBehaviour:
  m_CorrespondingSourceObject: {fileID: 267306118723602055, guid: 4c1bd4f365afd004990840ba5a1929a6,
    type: 3}
  m_PrefabInstance: {fileID: 6173911195065284604}
  m_PrefabAsset: {fileID: 0}
  m_GameObject: {fileID: 0}
  m_Enabled: 1
  m_EditorHideFlags: 0
  m_Script: {fileID: 11500000, guid: 3e92578cb29fffb4db869246a8ddd57d, type: 3}
  m_Name: 
  m_EditorClassIdentifier: 
--- !u!114 &5179494466746986693 stripped
MonoBehaviour:
  m_CorrespondingSourceObject: {fileID: 1319380156604892985, guid: 4c1bd4f365afd004990840ba5a1929a6,
    type: 3}
  m_PrefabInstance: {fileID: 6173911195065284604}
  m_PrefabAsset: {fileID: 0}
  m_GameObject: {fileID: 0}
  m_Enabled: 1
  m_EditorHideFlags: 0
  m_Script: {fileID: 11500000, guid: 3e92578cb29fffb4db869246a8ddd57d, type: 3}
  m_Name: 
  m_EditorClassIdentifier: 
--- !u!114 &2329003188357149625 stripped
MonoBehaviour:
  m_CorrespondingSourceObject: {fileID: 8501788437058929733, guid: 4c1bd4f365afd004990840ba5a1929a6,
    type: 3}
  m_PrefabInstance: {fileID: 6173911195065284604}
  m_PrefabAsset: {fileID: 0}
  m_GameObject: {fileID: 0}
  m_Enabled: 1
  m_EditorHideFlags: 0
  m_Script: {fileID: 11500000, guid: 3e92578cb29fffb4db869246a8ddd57d, type: 3}
  m_Name: 
  m_EditorClassIdentifier: 
--- !u!114 &1652295332457781863 stripped
MonoBehaviour:
  m_CorrespondingSourceObject: {fileID: 4845875796088384923, guid: 4c1bd4f365afd004990840ba5a1929a6,
    type: 3}
  m_PrefabInstance: {fileID: 6173911195065284604}
  m_PrefabAsset: {fileID: 0}
  m_GameObject: {fileID: 0}
  m_Enabled: 1
  m_EditorHideFlags: 0
  m_Script: {fileID: 11500000, guid: 3e92578cb29fffb4db869246a8ddd57d, type: 3}
  m_Name: 
  m_EditorClassIdentifier: 
--- !u!114 &7731895533874978557 stripped
MonoBehaviour:
  m_CorrespondingSourceObject: {fileID: 4531489292679145729, guid: 4c1bd4f365afd004990840ba5a1929a6,
    type: 3}
  m_PrefabInstance: {fileID: 6173911195065284604}
  m_PrefabAsset: {fileID: 0}
  m_GameObject: {fileID: 0}
  m_Enabled: 1
  m_EditorHideFlags: 0
  m_Script: {fileID: 11500000, guid: 3e92578cb29fffb4db869246a8ddd57d, type: 3}
  m_Name: 
  m_EditorClassIdentifier: 
--- !u!4 &674557290418770 stripped
Transform:
  m_CorrespondingSourceObject: {fileID: 6173386176288875950, guid: 4c1bd4f365afd004990840ba5a1929a6,
    type: 3}
  m_PrefabInstance: {fileID: 6173911195065284604}
  m_PrefabAsset: {fileID: 0}
--- !u!114 &5966321217300116715 stripped
MonoBehaviour:
  m_CorrespondingSourceObject: {fileID: 532130694799868695, guid: 4c1bd4f365afd004990840ba5a1929a6,
    type: 3}
  m_PrefabInstance: {fileID: 6173911195065284604}
  m_PrefabAsset: {fileID: 0}
  m_GameObject: {fileID: 0}
  m_Enabled: 1
  m_EditorHideFlags: 0
  m_Script: {fileID: 11500000, guid: 3e92578cb29fffb4db869246a8ddd57d, type: 3}
  m_Name: 
  m_EditorClassIdentifier: 
